2015 3341
407 104 496 148 206
839 119 933 149 tm.
967 116 1081 149 vm.
1143 116 1252 147 ew.
1286 114 1368 147 111.

410 205 563 257 virilis,
587 205 729 256 fortis,
759 214 805 247 et
827 214 998 247 sanctus
1016 207 1094 247 sit:
1125 219 1206 247 nec
1228 206 1521 263 effeminatam
1544 204 1802 254 laevitateffi,

409 277 492 304 nec
522 264 621 304 fuco
653 265 917 304 eminentem
950 264 1143 304 colorem
1174 273 1311 304 amet:
1343 264 1551 318 sanguine
1573 272 1616 303 et
1638 261 1800 303 viribus

410 321 564 361 niteat.
627 319 727 360 Hoc
760 327 904 360 autem
945 320 1055 360 adeo
1093 333 1242 360 verum
1274 327 1358 369 est,
1401 327 1464 369 ut,
1496 334 1595 360 cum
1630 319 1675 359 in
1715 317 1798 357 hac

411 377 602 420 maxime
624 386 744 431 parte
763 377 850 416 sint
870 377 1014 417 vicina
1034 377 1263 417 virtutibus
1286 377 1405 425 vitia,
1437 376 1566 416 etiam
1589 375 1662 432 qui
1683 374 1800 415 vitiis

411 441 592 474 utuntur
630 433 799 474 virtutis
843 440 988 474 tamen
1031 432 1097 473 his
1137 447 1294 473 nomen
1340 433 1578 487 imponant.
1654 431 1801 477 Quare

409 503 540 530 nemo
562 504 616 531 ex
639 492 704 541 (1)
734 490 946 545 corruptis
976 489 1109 538 dicat,
1140 503 1209 529 ine
1233 489 1453 530 inimicum
1474 503 1565 530 esse
1587 488 1704 529 culte
1733 487 1800 526 die

410 546 633 587 centibus:
666 560 749 586 non
774 560 888 600 nego
909 546 1021 586 hanc
1043 560 1134 586 esse
1154 547 1372 594 virtutem,
1391 546 1465 585 sed
1490 545 1572 586 illis
1593 559 1688 586 eam
1711 556 1800 584 non

410 602 573 644 tribuo.
636 602 706 644 An
734 617 818 659 ego
851 602 1034 644 fundum
1062 602 1290 644 cultiorem
1322 609 1489 658 putem,
1520 602 1563 643 in
1585 616 1672 657 quo
1693 599 1800 642 mihi

412 660 508 714 quis
529 659 770 702 ostenderit
792 660 899 709 lilia,
929 670 974 700 et
995 660 1146 708 violas,
1179 670 1222 700 et
1243 673 1439 699 amoenos
1460 658 1602 699 fontes
1623 670 1803 712 surgen·

414 723 500 765 tes,
520 732 646 772 quam
673 717 745 757 ubi
769 717 899 772 plena
919 717 1083 765 messis,
1102 725 1176 757 aut
1192 730 1344 772 graves
1366 715 1507 757 fructu
1528 716 1635 757 vites
1652 713 1801 755 erunt?

412 773 603 815 sterilem
624 773 867 830 platanum,
898 784 1126 829 tonsasque
1155 783 1336 828 myrtOS,
1367 786 1497 828 quam
1518 772 1714 813 maritam
1738 770 1804 811 ul-

412 844 550 880 mum,
581 839 626 871 et
656 831 809 871 uberes
831 830 960 880 oleas,
995 830 1354 886 praeoptaverim?
1389 830 1575 870 habeant
1598 828 1671 884 illa
1692 827 1804 868 divi-

412 897 505 928 tes:
539 888 659 928 licet:
693 887 795 943 quid
819 895 977 937 essent,
999 887 1030 927 si
1050 886 1165 927 aliud
1191 887 1298 927 nihil
1319 886 1555 928 haberent?
1589 884 1802 926 Nullusne

414 957 522 998 ergo
546 945 674 990 etiam
700 944 932 985 fructiferis
955 944 1227 985 adhibendus
1251 952 1315 984 est
1339 943 1499 984 decor?
1531 943 1626 998 quis
1649 941 1805 997 negat?

414 1014 515 1041 nam
532 1009 575 1041 et
591 1002 630 1042 in
651 1001 846 1042 ordinem
862 1010 1064 1056 certaque
1080 1002 1120 1041 in
1129 1000 1302 1041 tervalla
1316 1000 1508 1056 redigam
1527 1014 1597 1040 eas
1612 1000 1801 1039 arbores.

416 1057 531 1103 Quid
557 1058 672 1098 enim
703 1058 779 1098 illo
802 1062 868 1110 (⁶2)
898 1058 1141 1113 quincunce
1176 1057 1427 1112 speciosius,
1459 1057 1548 1111 qui,
1581 1057 1623 1096 in
1653 1070 1805 1111 quam-

416 1129 585 1168 cunque
603 1122 768 1170 partem
791 1115 1067 1170 spectaveris‚
1100 1122 1240 1155 rectus
1260 1115 1352 1153 est?
1385 1112 1459 1153 sed
1484 1113 1678 1168 protinus
1697 1112 1739 1151 in
1759 1111 1804 1152 id

417 1184 589 1224 quoque
609 1171 799 1226 prodest,
823 1180 870 1211 ut
893 1179 1016 1211 terrae
1041 1185 1216 1211 succum
1241 1169 1464 1225 aequaliter
1483 1169 1670 1210 trahant.
1703 1168 1807 1208 Sur-

417 1228 566 1281 gentia
602 1229 643 1268 in
678 1227 811 1268 altum
846 1227 1071 1268 cacumina
1093 1227 1219 1278 oleae,
1250 1227 1362 1267 serro
1385 1230 1449 1278 (3)
1472 1225 1732 1274 coercendo,
1759 1225 1806 1267 in

417 1285 565 1323 orbem
590 1298 633 1324 se
656 1284 884 1325 formosius
917 1284 1117 1333 fundant,
1149 1291 1192 1324 et
1227 1284 1421 1338 protinus
1452 1283 1639 1324 fructum
1676 1282 1806 1323 ramis'

415 1340 610 1395 pluribus
652 1341 806 1382 ferent.
868 1341 1106 1382 Decentior
1142 1355 1292 1396 equus,
1334 1341 1457 1395 cujus
1497 1340 1670 1381 astricta
1707 1345 1807 1380 sunt
1862 1365 1868 1372 ι

419 1396 517 1447 ilia3
551 1398 625 1439 sed
661 1398 775 1439 idem
800 1397 1014 1439 velocior:
1049 1398 1228 1454 pulcher
1252 1406 1426 1452 aspectu
1446 1397 1500 1438 sit
1520 1396 1700 1446 athleta,
1729 1411 1804 1438 cu·

409 1453 484 1509 jus
514 1454 697 1496 lacertos
729 1455 987 1496 exercitatio
1009 1456 1244 1510 expressit3
1278 1454 1392 1494 idem
1422 1454 1646 1494 certamini
1682 1468 1808 1509 para·

419 1510 518 1552 tior.
582 1512 813 1567 Nunquam
835 1526 934 1552 vera
955 1512 1120 1568 speeies
1142 1512 1195 1552 ab
1227 1512 1413 1552 utilitate
1436 1511 1658 1552 dividitur.
1720 1510 1815 1553 Sed'

417 1567 504 1608 hoe
527 1569 702 1624 quidem
726 1569 970 1610 discernere
994 1569 1152 1610 modici
1168 1568 1325 1625 judicii
1350 1577 1437 1609 est:
1472 1567 1580 1608 illud
1603 1567 1805 1609 obserua-

420 1626 538 1665 tione
563 1626 752 1681 dignius,
785 1625 899 1681 quod
925 1625 996 1666 hie
1019 1626 1109 1681 ipse
1141 1625 1346 1667 honestus
1376 1634 1552 1665 ornatus
1574 1639 1650 1679 pro
1668 1634 1805 1666 mate·

418 1682 495 1722 riae
518 1697 674 1737 genere
697 1683 828 1724 debet
850 1697 943 1723 esse
965 1684 1173 1733 variatus3
1206 1691 1351 1738 atque,
1384 1691 1430 1723 ut
1452 1697 1475 1722 a
1497 1682 1641 1737 prima
1657 1683 1805 1724 divisi-

421 1753 504 1779 one
526 1739 684 1789 ordiar,
715 1755 800 1779 non
826 1739 940 1780 idem
964 1739 1330 1789 demonstrativis,
1360 1748 1403 1779 et
1422 1739 1731 1788 deliberativis2
1763 1747 1809 1780 et

415 1795 700 1851 judicialibus
726 1797 865 1837 causis
882 1797 1134 1837 conveniet:
1166 1811 1352 1852 namque
1376 1795 1480 1837 illud
1506 1809 1641 1851 genus
1663 1803 1806 1837 osten·

422 1853 577 1893 tationi
600 1854 909 1909 compositum,
940 1853 1075 1894 solam
1099 1854 1209 1908 petit
1225 1853 1494 1894 audientium
1516 1852 1804 1908 voluptatem;

422 1908 607 1964 ideoque
637 1925 786 1951 omnes
820 1910 992 1952 dicendi
1024 1919 1135 1951 artes
1173 1911 1309 1965 aperit
1332 1918 1491 1959 orator,
1522 1918 1809 1966 ornatumque

422 1967 629 2007 orationis
652 1967 850 2023 exponit,
868 1975 916 2008 ut
936 1968 1008 2022 qui
1031 1982 1116 2008 non
1138 1967 1378 2017 insidietur,
1395 1981 1475 2008 nec
1493 1967 1545 2007 ad
1568 1968 1809 2018 victoriam,

422 2024 495 2064 sed
522 2023 573 2063 ad
597 2024 736 2065 solum
759 2025 890 2065 finem
907 2024 1047 2065 laudis
1069 2034 1113 2065 et
1129 2023 1279 2079 gloriae
1303 2024 1480 2064 tendat:
1511 2038 1659 2078 quare,
1681 2024 1809 2079 quid-

423 2080 527 2135 quid
550 2082 631 2121 erit
652 2081 876 2122 sententiis
914 2081 1138 2137 populare,
1172 2082 1313 2122 verbis
1335 2081 1536 2131 nitidum,
1568 2080 1718 2136 figuris
1734 2081 1810 2137 ju·

422 2138 632 2187 cundum,
665 2138 1013 2179 translationibus
1044 2138 1339 2193 magnifieum,
1370 2138 1688 2193 compositione
1721 2138 1808 2179 ela-

423 2196 640 2245 box-atum,
672 2195 796 2236 velut
823 2195 994 2236 institor
1031 2196 1206 2250 quidam
1245 2195 1521 2251 eloquentiae,
1551 2195 1811 2237 intuendum

424 2259 469 2292 et
505 2266 614 2307 pene
647 2252 998 2306 pertractandum
1034 2252 1178 2294 dabit:
1212 2267 1312 2293 nam
1349 2262 1528 2293 eventus
1563 2252 1617 2292 ad
1652 2253 1810 2307 ipsum,

423 2323 511 2349 non
535 2308 588 2349 ad
611 2324 784 2351 eausam
805 2308 1003 2350 refertur.
1060 2309 1137 2361 At,
1168 2309 1242 2350 ubi
1273 2323 1338 2350 res
1359 2310 1517 2366 agitur,
1548 2318 1590 2350 et
1622 2323 1722 2351 vera
1744 2309 1811 2351 di-

470 2420 522 2458 (1)
550 2419 703 2460 Corruptos
717 2423 826 2457 vocat,
850 2420 906 2460 qui
924 2419 1137 2450 sententiolas
1153 2424 1186 2450 et
1202 2420 1358 2450 acumina
1373 2421 1540 2456 sectando,
1557 2419 1662 2451 nimia
1677 2420 1813 2451 affecta-

424 2465 514 2494 tione
532 2464 640 2493 cultus
657 2469 690 2494 et
719 2464 812 2502 quasi
841 2464 1055 2493 muliebribus
1080 2464 1245 2494 lenociniis
1268 2475 1350 2494 verae
1376 2468 1409 2494 et
1431 2464 1587 2493 maseulae
1613 2465 1812 2503 eloquentiae

424 2507 619 2545 dignitatem
634 2512 864 2546 corruperant:
892 2508 979 2546 quod
998 2507 1112 2537 vitium
1131 2511 1230 2538 aetate
1248 2508 1334 2537 Fabii
1354 2508 1497 2537 maxime
1516 2508 1713 2538 invaluerat.

471 2552 522 2589 (¹2)
549 2552 721 2582 Quincunx
738 2561 771 2581 re
789 2561 865 2581 vera
882 2556 932 2580 est
944 2551 1097 2581 arborum
1110 2552 1189 2580 ordo
1200 2552 1430 2590 triangularis:
1451 2551 1496 2581 sic
1513 2556 1625 2581 autem
1640 2551 1813 2582 dicebatur

427 2605 447 2625 a
463 2595 569 2633 figura
586 2595 694 2633 quinti
710 2595 847 2632 numeri,
871 2595 912 2631 V,
937 2603 1036 2634 quam
1060 2594 1178 2634 singuli
1200 2595 1357 2634 trianguli
1373 2596 1573 2635 exprimunt.
1620 2594 1696 2625 Vid.
1715 2595 1808 2635 Virg'.

427 2640 545 2677 Georg.
566 2641 596 2674 Q,
616 2641 691 2668 277.

471 2682 522 2720 (3)
546 2683 634 2712 Hunc
654 2682 762 2712 locum
774 2682 822 2711 ita
838 2691 878 2711 ex
894 2682 990 2711 Goth.
1010 2685 1043 2711 et
1057 2683 1189 2712 Jenson.
1207 2681 1474 2713 constituendum
1491 2680 1660 2711 duximus:
1681 2680 1814 2712 coercebo

427 2731 548 2770 aliquis
564 2731 702 2762 fortasse
714 2732 867 2769 voluerit,
892 2737 930 2762 ut
945 2740 990 2774 τῳ
1007 2733 1139 2773 redigam
1154 2744 1253 2773 supra
1271 2735 1462 2774 quadraret,
1478 2743 1553 2764 cum
1567 2734 1746 2770 praesertim
1763 2734 1813 2763 fa—

428 2781 518 2805 veret
535 2776 766 2816 compendium
779 2776 862 2807 illud
873 2778 1022 2816 mercide,
1037 2779 1155 2809 omissa
1171 2778 1256 2810 forte
1269 2779 1355 2809 linea
1368 2789 1443 2820 quae
1455 2787 1555 2818 supra
1568 2777 1643 2811 duci
1657 2778 1751 2811 solet.
1777 2775 1812 2810 0.
