2015 3341
605 162 668 196 DE
702 163 904 196 GENERE
935 162 1210 198 Jnmcmm.
1543 156 1598 205 ΘΣ

211 242 345 289 eisset
383 247 570 301 utilitas;
629 249 805 291 consilia
845 250 932 292 fide
982 249 1298 306 prudentiaque
1338 257 1603 295 constarent.

215 304 386 350 Quibus
419 307 462 346 in
493 306 823 348 demonstrativa
857 307 1104 358 consenti03
1136 322 1236 348 nam
1269 316 1313 348 et
1345 321 1495 349 omnes
1528 308 1603 353 alii

212 362 443 417 scriptores
472 363 588 404 idem
616 360 908 405 tradiderunt:
940 364 1176 419 injusticiis
1206 372 1368 413 autem,
1398 364 1604 407 consiliis-

213 431 308 475 que,
351 420 589 461 secundum
630 421 928 461 conditionem
961 421 1093 476 ipsius
1123 435 1220 476 quae
1252 422 1508 462 tractabitur
1540 422 1601 464 rei

212 476 629 517 accommodandam
653 477 828 518 dicendi
856 477 987 518 credo
1010 478 1234 518 rationem.
1294 478 1409 519 Nam
1431 487 1476 518 et
1496 478 1603 520 Phi-

212 530 397 587 lippicas
421 533 727 574 Demosthenis
755 533 936 585 eisdem,
967 534 1124 588 quibus
1155 534 1325 575 habitas
1353 536 1398 576 in
1422 534 1603 590 judiciis

212 589 446 639 orationes,
476 590 604 632 video
625 592 814 631 eminere
834 590 1087 631 virtutibus:
1119 599 1164 631 et
1181 590 1405 632 Ciceronis
1426 595 1487 644 (l)
1505 607 1604 633 sen-

212 646 363 686 tentiae
395 656 440 687 et
469 647 702 687 conciones
731 661 819 687 non
850 646 992 687 minus
1021 646 1199 696 clarum,
1229 662 1359 702 quam
1380 650 1508 689 estin
1532 663 1606 692 ac-

211 703 508 744 cusationibus
530 718 581 744 ac
616 702 956 751 defensionibus,
987 702 1247 758 eloquentiae
1279 704 1423 745 lumen
1459 714 1606 747 osten-

211 757 336 799 dunt.
396 758 520 800 Dicit
548 767 694 800 tamen
726 759 780 800 de
812 759 1002 800 suasoria
1031 759 1148 800 idem
1181 760 1264 801 hoc
1297 761 1457 805 modo:
1492 762 1602 815 Tot-a

212 821 353 855 autem
366 816 504 856 oratio
515 816 688 872 simplex
702 816 893 871 etgravis
904 821 944 857 et
956 815 1169 857 sententiis
1182 816 1303 859 debet
1317 817 1512 859 ornatior
1525 833 1603 863 esse

211 885 338 929 quam
373 872 523 914 verbis.
588 873 721 914 Usum
754 872 1050 927 exemplorum
1082 871 1209 915 nulli‘
1229 875 1424 916 materiae
1463 877 1603 932 magis

210 929 460 979 convenire,
491 929 646 971 merito
668 928 758 970 fere
779 943 929 971 omnes
951 929 1246 981 consentiunt,
1277 945 1377 971 cum
1410 931 1603 987 plerum-

208 999 293 1040 que
311 986 540 1027 videantm·
560 986 822 1042 respondere
856 985 1000 1028 futura
1030 986 1277 1043 pne-teritis,
1307 986 1603 1045 habeaturque

208 1042 557 1097 experimentum
578 1044 696 1085 velut
710 1042 931 1100 quoddam
953 1043 1133 1084 rationis
1155 1043 1467 1086 testimonium.

267 1099 464 1141 Brevitas
494 1114 666 1156 quoque
699 1108 774 1142 aut
804 1100 931 1156 copia
961 1114 1051 1141 non
1086 1113 1247 1156 genere
1285 1102 1496 1151 materiae,
1527 1103 1602 1145 sed

208 1156 342 1203 'modo
364 1165 550 1199 constat.
611 1158 725 1199 Nam
746 1165 795 1199 ut
815 1158 859 1199 in
881 1157 1072 1198 consiliis
1089 1157 1341 1215 plerumque
1363 1160 1602 1216 simplicior

208 1214 392 1269 quaestio
409 1224 490 1263 est,
523 1214 584 1256 ita
603 1229 720 1271 saepe
741 1215 785 1256 in
807 1215 946 1256 causis
967 1214 1124 1256 minor.

268 1270 379 1317 Quae
401 1272 548 1313 omnia
565 1285 666 1313 vera
687 1286 778 1312 esse
795 1271 916 1321 sciet,
935 1272 969 1312 si
991 1271 1086 1326 quis
1105 1285 1191 1313 non
1210 1272 1426 1314 orationes
1448 1273 1598 1326 modo,

209 1327 284 1368 sed
311 1327 509 1369 historias
538 1328 670 1369 etiam
695 1331 898 1383 (namque
930 1327 973 1369 in
1008 1328 1074 1369 his
1096 1330 1328 1370 conciones
1351 1340 1480 1385 atque
1502 1345 1601 1372 sen-

209 1385 359 1426 tentias
380 1385 632 1441 plerumque
649 1385 858 1428 suadendi
876 1400 926 1426 ac
947 1385 1225 1427 dissuadendi
1249 1387 1488 1442 funguntur
1504 1389 1601 1429 ofli-

208 1440 299 1493 cio)
335 1441 480 1498 legere
516 1442 731 1493 maluerit,
762 1457 891 1498 quam
927 1441 972 1483 in
1013 1443 1335 1484 commentariis
1376 1443 1600 1487 rhetorum

207 1512 533 1541 consenescere.
595 1499 796 1540 Inveniet
826 1499 943 1540 enim
978 1513 1060 1542 nec
1097 1500 1141 1540 in
1184 1500 1377 1541 consiliis
1417 1502 1602 1558 abrupta

208 1554 349 1605 initia,
381 1565 424 1597 et
446 1556 706 1598 concitatius
725 1571 840 1613 saepe
857 1556 899 1597 in
914 1556 1094 1612 judiciis
1112 1556 1293 1606 dictum,
1316 1565 1361 1598 et
1378 1559 1507 1599 verba
1525 1574 1600 1615 ap—

207 1619 299 1653 tata
314 1614 440 1655 rebus
460 1614 505 1656 in
527 1620 710 1669 utroque
732 1627 907 1669 genere,
938 1620 984 1653 et
1003 1613 1221 1663 breviores
1243 1614 1476 1670 aliquando
1498 1631 1600 1658 cauo

208 1682 350 1711 sarum
373 1671 590 1712 orationes
611 1684 740 1726 quam
758 1669 1083 1711 sententiarum.

266 1726 335 1767 Ne
353 1727 428 1768 illa
448 1728 625 1782 quidem
641 1728 686 1769 in
709 1726 775 1768 his
792 1727 898 1777 vitia
920 1726 1233 1783 deprehendet,
1251 1727 1406 1783 quibus
1420 1729 1602 1783 quidam

207 1779 522 1826 declamatores
556 1784 771 1835 laborant,
805 1783 919 1840 quod
953 1791 996 1824 et
1028 1795 1182 1826 contra
1213 1785 1501 1827 sentientibus
1535 1788 1600 1828 in-

205 1837 395 1892 humane
417 1842 733 1892 conviciantur,
765 1849 810 1882 et
837 1842 897 1882 ita
918 1840 1174 1897 plerumque
1193 1842 1360 1893 dicunt,
1393 1854 1600 1898 tanquam

205 1898 262 1938 ab
284 1897 336 1938 iis
352 1898 425 1953 qui
449 1898 693 1940 deliberant
712 1899 861 1954 utique
883 1899 1160 1942 dissentiant:
1194 1899 1339 1955 itaque
1364 1900 1600 1956 objurgan-

205 1953 322 1997 tibus
356 1955 582 1997 similiores
615 1966 729 2006 sunt,
759 1970 888 2011 quam
924 1956 1219 1998 suadentibus,
1280 1956 1387 1998 Haec
1417 1957 1599 2004 'adoles-

205 2020 353 2053 centes
371 2012 452 2053 sibi
469 2014 630 2069 scripta
651 2013 806 2063 sciant,
827 2028 882 2055 ne
903 2013 1028 2054 aliter
1044 2028 1174 2069 quam
1196 2013 1352 2055 dicturi
1371 2015 1457 2065 sint
1474 2030 1599 2056 exer-

205 2069 295 2109 ceri
318 2069 470 2120 velint,
487 2078 532 2111 et
554 2071 599 2112 in
616 2069 920 2112 desuescendis
937 2077 1174 2112 morentur.
1237 2069 1473 2122 Caeterum,
1497 2087 1598 2115 cum

204 2125 408 2171 advocari
440 2128 658 2184 coeperint
687 2128 730 2168 in
764 2127 945 2169 consilia
975 2128 1230 2179 amicorum,
1261 2127 1405 2170 dicere
1427 2138 1600 2176 senten-,0

205 2183 311 2224 tiam
342 2184 387 2224 in
409 2195 576 2235 senatu,
608 2185 787 2226 suadere
809 2185 842 2225 si
875 2184 977 2240 quid
1015 2185 1211 2226 consulet
1233 2186 1450 2242 princePS,
1481 2189 1600 2243 quod

201 2241 429 2298 praeceptis
450 2241 631 2283 fortasse
652 2256 740 2282 non
759 2241 958 2292 credunt,
988 2255 1065 2283 usu
1089 2242 1378 2284 docebuntur.
1608 2291 1617 2297 ἱ

262 2296 349 2341 ΙΧ.
382 2298 554 2341 NUNC
587 2299 641 2340 de
658 2297 871 2355 judiciali
907 2313 1088 2354 genere3
1122 2299 1238 2354 quod
1275 2298 1340 2340 est
1375 2297 1597 2358 praecipue

205 2354 454 2411 multiplex,
486 2356 559 2396 sed
592 2355 745 2397 officiis
775 2364 947 2398 constat
974 2355 1160 2407 duobus,
1192 2357 1438 2399 intentionis
1459 2373 1509 2399 ac
1529 2359 1602 2400 cles

196 2411 432 2468 pulsionis:
465 2414 587 2469 cujus
620 2420 779 2469 partes,
811 2422 860 2454 ut
893 2412 1092 2469 plurimis
1128 2414 1378 2455 auctoribus
1415 2414 1596 2470 placuit,

206 2468 396 2523 quinque
431 2478 546 2519 sunt,
581 2471 847 2526 proaemium,
878 2471 1094 2520 narratio,
1118 2470 1340 2526 probatio,
1374 2471 1595 2528 refutatio,

198 2526 439 2580 peroratio.
499 2527 583 2568 His
611 2527 865 2583 adjecerunt
885 2527 1059 2583 quidam
1075 2528 1373 2583 partitionem,
1397 2531 1596 2584 propos&-

205 2581 376 2636 tionem,
406 2596 630 2626 excessum.-
661 2599 842 2639 quarum
869 2585 1031 2639 priores
1056 2584 1155 2626 dua}
1171 2585 1420 2640 probationi
1448 2600 1598 2627 succe-

205 2637 330 2681 dunt.
365 2670 375 2680 .
406 2671 416 2688 ,
449 2638 644 2697 Egressi«)
672 2656 790 2692 vero,
821 2642 888 2683 vel
917 2640 1054 2697 (quod
1087 2641 1284 2682 usitatius
1316 2655 1407 2682 esse
1439 2643 1592 2699 coepit)

251 2781 302 2820 (1)
327 2781 491 2813 Sententiae
514 2783 547 2816 in
570 2784 692 2815 Senatu
710 2784 816 2822 dictae,
840 2788 880 2816 ut
902 2785 934 2815 in
949 2783 1128 2815 Antonium
1146 2786 1179 2813 et
1200 2783 1387 2820 Catilinam.
1438 2782 1597 2817 Coaezcz'ones

205 2826 326 2860 habitae
342 2827 385 2858 ad
402 2828 573 2869 populum,
598 2832 634 2860 ut
648 2838 709 2869 pro
724 2829 798 2870 lege
815 2829 966 2867 Manilia,
990 2828 1022 2860 in
1039 2828 1187 2860 Rullum,
