<?xml version="1.0" encoding="UTF-8"?>
<!DOCTYPE html PUBLIC "-//W3C//DTD XHTML 1.0 Transitional//EN"
    "http://www.w3.org/TR/xhtml1/DTD/xhtml1-transitional.dtd">
<html xmlns="http://www.w3.org/1999/xhtml" xml:lang="en" lang="en">
 <head>
  <title>
</title>
<meta http-equiv="Content-Type" content="text/html;charset=utf-8" />
  <meta name='ocr-system' content='tesseract 3.04.00' />
  <meta name='ocr-capabilities' content='ocr_page ocr_carea ocr_par ocr_line ocrx_word'/>
</head>
<body>
  <div class='ocr_page' id='page_1' title='image "./deinstitutioneor00quinuoft_0009.png"; bbox 0 0 2041 3263; ppageno 0'>
   <div class='ocr_carea' id='block_1_1' title="bbox 631 288 1198 469">
    <p class='ocr_par' dir='ltr' id='par_1_1' title="bbox 631 288 1198 469">
     <span class='ocr_line' id='line_1_1' title="bbox 631 288 1198 360; baseline -0.007 0"><span class='ocrx_word' id='word_1_1' title='bbox 631 288 1198 360; x_wconf 75' lang='lat' dir='ltr'>LECTURO</span> 
     </span>
     <span class='ocr_line' id='line_1_2' title="bbox 874 414 1070 469; baseline -0.015 0"><span class='ocrx_word' id='word_1_2' title='bbox 874 414 935 469; x_wconf 87' lang='lat' dir='ltr'>S.</span> <span class='ocrx_word' id='word_1_3' title='bbox 1066 438 1070 441; x_wconf 92' lang='lat'>·</span> 
     </span>
    </p>
   </div>
   <div class='ocr_carea' id='block_1_2' title="bbox 759 585 1057 610">
    <p class='ocr_par' dir='ltr' id='par_1_2' title="bbox 759 585 1057 610">
     <span class='ocr_line' id='line_1_3' title="bbox 759 585 1057 610; baseline -0.01 -8"><span class='ocrx_word' id='word_1_4' title='bbox 759 585 1057 610; x_wconf 44' lang='lat' dir='ltr'>...ss—</span> 
     </span>
    </p>
   </div>
   <div class='ocr_carea' id='block_1_3' title="bbox 209 692 1601 764">
    <p class='ocr_par' dir='ltr' id='par_1_3' title="bbox 209 692 1601 764">
     <span class='ocr_line' id='line_1_4' title="bbox 209 692 1601 764; baseline -0.005 -10"><span class='ocrx_word' id='word_1_5' title='bbox 209 692 371 764; x_wconf 82' lang='lat' dir='ltr'>QUA</span> <span class='ocrx_word' id='word_1_6' title='bbox 405 714 568 753; x_wconf 87' lang='lat' dir='ltr'>mente</span> <span class='ocrx_word' id='word_1_7' title='bbox 606 711 655 753; x_wconf 87' lang='lat' dir='ltr'>et</span> <span class='ocrx_word' id='word_1_8' title='bbox 693 704 900 751; x_wconf 85' lang='lat' dir='ltr'>consilio</span> <span class='ocrx_word' id='word_1_9' title='bbox 940 720 1118 749; x_wconf 85' lang='lat' dir='ltr'>novam</span> <span class='ocrx_word' id='word_1_10' title='bbox 1163 701 1290 750; x_wconf 85' lang='lat' dir='ltr'>hane</span> <span class='ocrx_word' id='word_1_11' title='bbox 1330 701 1601 749; x_wconf 79' lang='lat' dir='ltr'>editionem</span> 
     </span>
    </p>
   </div>
   <div class='ocr_carea' id='block_1_4' title="bbox 184 795 1599 2895">
    <p class='ocr_par' dir='ltr' id='par_1_4' title="bbox 203 795 1597 944">
     <span class='ocr_line' id='line_1_5' title="bbox 205 795 1597 860; baseline -0.003 -16"><span class='ocrx_word' id='word_1_12' title='bbox 205 798 438 846; x_wconf 88' lang='lat' dir='ltr'>librorum</span> <span class='ocrx_word' id='word_1_13' title='bbox 471 800 545 846; x_wconf 89' lang='lat' dir='ltr'>De</span> <span class='ocrx_word' id='word_1_14' title='bbox 572 797 894 845; x_wconf 81' lang='lat' dir='ltr'>Institutione</span> <span class='ocrx_word' id='word_1_15' title='bbox 921 795 1150 842; x_wconf 84' lang='lat' dir='ltr'>Oratoria</span> <span class='ocrx_word' id='word_1_16' title='bbox 1169 795 1384 860; x_wconf 77' lang='lat' dir='ltr'>aggressi</span> <span class='ocrx_word' id='word_1_17' title='bbox 1413 810 1597 852; x_wconf 79' lang='lat' dir='ltr'>sumus,</span> 
     </span>
     <span class='ocr_line' id='line_1_6' title="bbox 203 877 1181 944; baseline -0.001 -18"><span class='ocrx_word' id='word_1_18' title='bbox 203 881 373 943; x_wconf 80' lang='lat' dir='ltr'>paucis</span> <span class='ocrx_word' id='word_1_19' title='bbox 402 880 573 942; x_wconf 82' lang='lat' dir='ltr'>utique</span> <span class='ocrx_word' id='word_1_20' title='bbox 593 878 943 944; x_wconf 82' lang='lat' dir='ltr'>exponendum</span> <span class='ocrx_word' id='word_1_21' title='bbox 970 877 1181 925; x_wconf 79' lang='lat' dir='ltr'>videtur:</span> 
     </span>
    </p>

    <p class='ocr_par' dir='ltr' id='par_1_5' title="bbox 184 957 1599 2835">
     <span class='ocr_line' id='line_1_7' title="bbox 273 957 1599 1025; baseline -0.005 -16"><span class='ocrx_word' id='word_1_22' title='bbox 273 962 465 1009; x_wconf 87' lang='lat' dir='ltr'>Prodiit</span> <span class='ocrx_word' id='word_1_23' title='bbox 490 961 622 1008; x_wconf 86' lang='lat' dir='ltr'>haud</span> <span class='ocrx_word' id='word_1_24' title='bbox 651 961 718 1008; x_wconf 89' lang='lat' dir='ltr'>ita</span> <span class='ocrx_word' id='word_1_25' title='bbox 745 960 931 1025; x_wconf 77' lang='lat' dir='ltr'><strong>pridem</strong></span> <span class='ocrx_word' id='word_1_26' title='bbox 960 976 984 1007; x_wconf 94' lang='lat' dir='ltr'>e</span> <span class='ocrx_word' id='word_1_27' title='bbox 1010 957 1358 1024; x_wconf 72' lang='lat' dir='ltr'>typographeo</span> <span class='ocrx_word' id='word_1_28' title='bbox 1395 957 1599 1005; x_wconf 85' lang='lat' dir='ltr'>Claren-</span> 
     </span>
     <span class='ocr_line' id='line_1_8' title="bbox 200 1041 1590 1106; baseline -0.005 -15"><span class='ocrx_word' id='word_1_29' title='bbox 200 1043 417 1091; x_wconf 80' lang='lat' dir='ltr'>(loniano</span> <span class='ocrx_word' id='word_1_30' title='bbox 456 1043 845 1106; x_wconf 64' lang='lat' dir='ltr'>praestantissimi</span> <span class='ocrx_word' id='word_1_31' title='bbox 889 1042 1107 1089; x_wconf 84' lang='lat' dir='ltr'>auctoris</span> <span class='ocrx_word' id='word_1_32' title='bbox 1150 1041 1400 1104; x_wconf 81' lang='lat' dir='ltr'>integrum</span> <span class='ocrx_word' id='word_1_33' title='bbox 1449 1055 1590 1101; x_wconf 81' lang='lat' dir='ltr'>opus,</span> 
     </span>
     <span class='ocr_line' id='line_1_9' title="bbox 198 1120 1594 1188; baseline -0.004 -16"><span class='ocrx_word' id='word_1_34' title='bbox 198 1127 472 1173; x_wconf 85' lang='lat' dir='ltr'>seeundum</span> <span class='ocrx_word' id='word_1_35' title='bbox 499 1127 766 1174; x_wconf 72' lang='lat' dir='ltr'>editionem</span> <span class='ocrx_word' id='word_1_36' title='bbox 796 1125 1183 1188; x_wconf 75' lang='lat' dir='ltr'>Gottingensem</span> <span class='ocrx_word' id='word_1_37' title='bbox 1212 1124 1258 1171; x_wconf 91' lang='lat' dir='ltr'>J.</span> <span class='ocrx_word' id='word_1_38' title='bbox 1285 1124 1360 1170; x_wconf 83' lang='lat' dir='ltr'>M.</span> <span class='ocrx_word' id='word_1_39' title='bbox 1384 1120 1594 1170; x_wconf 61' lang='lat' dir='ltr'>Ges-neri</span> 
     </span>
     <span class='ocr_line' id='line_1_10' title="bbox 198 1204 1593 1273; baseline -0.003 -19"><span class='ocrx_word' id='word_1_40' title='bbox 198 1208 489 1256; x_wconf 71' lang='lat' dir='ltr'>nitidissime</span> <span class='ocrx_word' id='word_1_41' title='bbox 516 1209 816 1273; x_wconf 81' lang='lat' dir='ltr'>impressum,</span> <span class='ocrx_word' id='word_1_42' title='bbox 859 1207 1016 1253; x_wconf 81' lang='lat' dir='ltr'>tribus</span> <span class='ocrx_word' id='word_1_43' title='bbox 1043 1205 1292 1252; x_wconf 81' lang='lat' dir='ltr'>indicibus</span> <span class='ocrx_word' id='word_1_44' title='bbox 1319 1204 1593 1268; x_wconf 83' lang='lat' dir='ltr'>locupleta-</span> 
     </span>
     <span class='ocr_line' id='line_1_11' title="bbox 199 1286 1588 1348; baseline -0.001 -12"><span class='ocrx_word' id='word_1_45' title='bbox 199 1300 318 1348; x_wconf 84' lang='lat' dir='ltr'>tum,</span> <span class='ocrx_word' id='word_1_46' title='bbox 340 1301 388 1337; x_wconf 88' lang='lat' dir='ltr'>et</span> <span class='ocrx_word' id='word_1_47' title='bbox 409 1291 708 1338; x_wconf 77' lang='lat' dir='ltr'>doctissimis</span> <span class='ocrx_word' id='word_1_48' title='bbox 724 1290 851 1337; x_wconf 86' lang='lat' dir='ltr'>illins</span> <span class='ocrx_word' id='word_1_49' title='bbox 872 1289 958 1336; x_wconf 85' lang='lat' dir='ltr'>viri</span> <span class='ocrx_word' id='word_1_50' title='bbox 977 1298 1179 1335; x_wconf 86' lang='lat' dir='ltr'>auctum</span> <span class='ocrx_word' id='word_1_51' title='bbox 1204 1286 1588 1335; x_wconf 81' lang='lat' dir='ltr'>commentariis.</span> 
     </span>
     <span class='ocr_line' id='line_1_12' title="bbox 199 1368 1597 1420; baseline -0.004 0"><span class='ocrx_word' id='word_1_52' title='bbox 199 1373 277 1420; x_wconf 93' lang='lat' dir='ltr'>De</span> <span class='ocrx_word' id='word_1_53' title='bbox 312 1373 395 1420; x_wconf 87' lang='lat' dir='ltr'>tali</span> <span class='ocrx_word' id='word_1_54' title='bbox 439 1374 673 1420; x_wconf 86' lang='lat' dir='ltr'>librorum</span> <span class='ocrx_word' id='word_1_55' title='bbox 715 1372 849 1420; x_wconf 82' lang='lat' dir='ltr'>Fabii</span> <span class='ocrx_word' id='word_1_56' title='bbox 889 1370 1106 1419; x_wconf 79' lang='lat' dir='ltr'>editione</span> <span class='ocrx_word' id='word_1_57' title='bbox 1147 1386 1236 1416; x_wconf 81' lang='lat' dir='ltr'>nos</span> <span class='ocrx_word' id='word_1_58' title='bbox 1278 1377 1409 1416; x_wconf 86' lang='lat' dir='ltr'>certe</span> <span class='ocrx_word' id='word_1_59' title='bbox 1450 1368 1597 1415; x_wconf 83' lang='lat' dir='ltr'>decet</span> 
     </span>
     <span class='ocr_line' id='line_1_13' title="bbox 196 1450 1592 1519; baseline -0.003 -18"><span class='ocrx_word' id='word_1_60' title='bbox 196 1454 419 1502; x_wconf 76' lang='lat' dir='ltr'>modeste</span> <span class='ocrx_word' id='word_1_61' title='bbox 457 1455 796 1519; x_wconf 77' lang='lat' dir='ltr'>pronunciare.</span> <span class='ocrx_word' id='word_1_62' title='bbox 874 1453 1125 1509; x_wconf 80' lang='lat' dir='ltr'>Quoniam</span> <span class='ocrx_word' id='word_1_63' title='bbox 1165 1468 1281 1499; x_wconf 88' lang='lat' dir='ltr'>vero</span> <span class='ocrx_word' id='word_1_64' title='bbox 1318 1451 1452 1498; x_wconf 88' lang='lat' dir='ltr'>haud</span> <span class='ocrx_word' id='word_1_65' title='bbox 1490 1450 1592 1498; x_wconf 79' lang='lat' dir='ltr'>fieri</span> 
     </span>
     <span class='ocr_line' id='line_1_14' title="bbox 193 1532 1592 1600; baseline -0.002 -18"><span class='ocrx_word' id='word_1_66' title='bbox 193 1537 371 1600; x_wconf 86' lang='lat' dir='ltr'>potuit,</span> <span class='ocrx_word' id='word_1_67' title='bbox 437 1547 492 1584; x_wconf 83' lang='lat' dir='ltr'>ut</span> <span class='ocrx_word' id='word_1_68' title='bbox 541 1547 703 1584; x_wconf 88' lang='lat' dir='ltr'>totum</span> <span class='ocrx_word' id='word_1_69' title='bbox 757 1536 1010 1584; x_wconf 71' lang='lat' dir='ltr'>clarissimi</span> <span class='ocrx_word' id='word_1_70' title='bbox 1061 1535 1267 1582; x_wconf 75' lang='lat' dir='ltr'>rhetoris</span> <span class='ocrx_word' id='word_1_71' title='bbox 1318 1550 1458 1596; x_wconf 72' lang='lat' dir='ltr'>opuS,</span> <span class='ocrx_word' id='word_1_72' title='bbox 1521 1532 1592 1579; x_wconf 88' lang='lat' dir='ltr'>ita</span> 
     </span>
     <span class='ocr_line' id='line_1_15' title="bbox 194 1615 1589 1682; baseline -0.002 -18"><span class='ocrx_word' id='word_1_73' title='bbox 194 1619 548 1682; x_wconf 72' lang='lat' dir='ltr'>amplificatum</span> <span class='ocrx_word' id='word_1_74' title='bbox 597 1628 647 1666; x_wconf 86' lang='lat' dir='ltr'>et</span> <span class='ocrx_word' id='word_1_75' title='bbox 693 1619 1002 1672; x_wconf 87' lang='lat' dir='ltr'>adornatum,</span> <span class='ocrx_word' id='word_1_76' title='bbox 1066 1626 1154 1663; x_wconf 81' lang='lat' dir='ltr'>aut</span> <span class='ocrx_word' id='word_1_77' title='bbox 1211 1615 1381 1680; x_wconf 80' lang='lat' dir='ltr'>paucis</span> <span class='ocrx_word' id='word_1_78' title='bbox 1428 1615 1589 1662; x_wconf 81' lang='lat' dir='ltr'>absol-</span> 
     </span>
     <span class='ocr_line' id='line_1_16' title="bbox 192 1698 1584 1764; baseline -0.002 -17"><span class='ocrx_word' id='word_1_79' title='bbox 192 1711 388 1747; x_wconf 82' lang='lat' dir='ltr'>veretur</span> <span class='ocrx_word' id='word_1_80' title='bbox 444 1700 666 1764; x_wconf 73' lang='lat' dir='ltr'>plagulis,</span> <span class='ocrx_word' id='word_1_81' title='bbox 730 1710 816 1747; x_wconf 87' lang='lat' dir='ltr'>aut</span> <span class='ocrx_word' id='word_1_82' title='bbox 864 1699 1063 1746; x_wconf 82' lang='lat' dir='ltr'>modico</span> <span class='ocrx_word' id='word_1_83' title='bbox 1112 1708 1364 1746; x_wconf 81' lang='lat' dir='ltr'>constaret</span> <span class='ocrx_word' id='word_1_84' title='bbox 1413 1698 1584 1763; x_wconf 85' lang='lat' dir='ltr'>pretio,</span> 
     </span>
     <span class='ocr_line' id='line_1_17' title="bbox 191 1781 1587 1846; baseline -0.002 -17"><span class='ocrx_word' id='word_1_85' title='bbox 191 1791 415 1829; x_wconf 82' lang='lat' dir='ltr'>nostrum</span> <span class='ocrx_word' id='word_1_86' title='bbox 476 1782 572 1830; x_wconf 80' lang='lat' dir='ltr'>hoc</span> <span class='ocrx_word' id='word_1_87' title='bbox 627 1783 990 1846; x_wconf 75' lang='lat' dir='ltr'>qualecumque</span> <span class='ocrx_word' id='word_1_88' title='bbox 1047 1781 1415 1845; x_wconf 77' lang='lat' dir='ltr'>compendium,</span> <span class='ocrx_word' id='word_1_89' title='bbox 1485 1798 1587 1827; x_wconf 85' lang='lat' dir='ltr'>uno</span> 
     </span>
     <span class='ocr_line' id='line_1_18' title="bbox 191 1863 1589 1929; baseline 0 -19"><span class='ocrx_word' id='word_1_90' title='bbox 191 1865 442 1913; x_wconf 88' lang='lat' dir='ltr'>volumine</span> <span class='ocrx_word' id='word_1_91' title='bbox 490 1865 918 1929; x_wconf 68' lang='lat' dir='ltr'>comprehensmn,</span> <span class='ocrx_word' id='word_1_92' title='bbox 962 1864 1008 1910; x_wconf 92' lang='lat' dir='ltr'>in</span> <span class='ocrx_word' id='word_1_93' title='bbox 1057 1865 1273 1910; x_wconf 83' lang='lat' dir='ltr'>medinm</span> <span class='ocrx_word' id='word_1_94' title='bbox 1323 1863 1589 1910; x_wconf 79' lang='lat' dir='ltr'>statuimus</span> 
     </span>
     <span class='ocr_line' id='line_1_19' title="bbox 188 1947 1584 2010; baseline -0.001 -16"><span class='ocrx_word' id='word_1_95' title='bbox 188 1947 552 2010; x_wconf 60' lang='lat' dir='ltr'>proterendum.</span> <span class='ocrx_word' id='word_1_96' title='bbox 631 1949 748 2004; x_wconf 79' lang='lat' dir='ltr'>Quo</span> <span class='ocrx_word' id='word_1_97' title='bbox 798 1947 843 1993; x_wconf 87' lang='lat' dir='ltr'>in</span> <span class='ocrx_word' id='word_1_98' title='bbox 891 1947 1093 2009; x_wconf 61' lang='lat' dir='ltr'>negotio</span> <span class='ocrx_word' id='word_1_99' title='bbox 1140 1947 1383 2004; x_wconf 84' lang='lat' dir='ltr'>obeundo,</span> <span class='ocrx_word' id='word_1_100' title='bbox 1449 1963 1584 1994; x_wconf 84' lang='lat' dir='ltr'>eom-</span> 
     </span>
     <span class='ocr_line' id='line_1_20' title="bbox 190 2029 1583 2094; baseline 0 -18"><span class='ocrx_word' id='word_1_101' title='bbox 190 2030 324 2076; x_wconf 88' lang='lat' dir='ltr'>muni</span> <span class='ocrx_word' id='word_1_102' title='bbox 364 2030 529 2094; x_wconf 85' lang='lat' dir='ltr'>potins</span> <span class='ocrx_word' id='word_1_103' title='bbox 570 2030 784 2086; x_wconf 82' lang='lat' dir='ltr'>utilitati,</span> <span class='ocrx_word' id='word_1_104' title='bbox 827 2047 972 2092; x_wconf 82' lang='lat' dir='ltr'>quam</span> <span class='ocrx_word' id='word_1_105' title='bbox 1015 2029 1279 2077; x_wconf 79' lang='lat' dir='ltr'>doctorum</span> <span class='ocrx_word' id='word_1_106' title='bbox 1322 2029 1583 2077; x_wconf 84' lang='lat' dir='ltr'>hominum</span> 
     </span>
     <span class='ocr_line' id='line_1_21' title="bbox 188 2112 1583 2176; baseline -0.001 -17"><span class='ocrx_word' id='word_1_107' title='bbox 188 2113 538 2176; x_wconf 72' lang='lat' dir='ltr'>expectationi,</span> <span class='ocrx_word' id='word_1_108' title='bbox 570 2114 825 2160; x_wconf 82' lang='lat' dir='ltr'>consulere</span> <span class='ocrx_word' id='word_1_109' title='bbox 849 2112 988 2158; x_wconf 85' lang='lat' dir='ltr'>nobis</span> <span class='ocrx_word' id='word_1_110' title='bbox 1016 2112 1063 2157; x_wconf 93' lang='lat' dir='ltr'>in</span> <span class='ocrx_word' id='word_1_111' title='bbox 1090 2112 1249 2158; x_wconf 87' lang='lat' dir='ltr'>animo</span> <span class='ocrx_word' id='word_1_112' title='bbox 1269 2122 1393 2159; x_wconf 84' lang='lat' dir='ltr'>erat:</span> <span class='ocrx_word' id='word_1_113' title='bbox 1424 2128 1583 2174; x_wconf 78' lang='lat' dir='ltr'>neque</span> 
     </span>
     <span class='ocr_line' id='line_1_22' title="bbox 187 2193 1580 2258; baseline -0.001 -17"><span class='ocrx_word' id='word_1_114' title='bbox 187 2195 313 2242; x_wconf 88' lang='lat' dir='ltr'>enim</span> <span class='ocrx_word' id='word_1_115' title='bbox 332 2195 391 2242; x_wconf 85' lang='lat' dir='ltr'>ad</span> <span class='ocrx_word' id='word_1_116' title='bbox 409 2195 663 2258; x_wconf 66' lang='lat' dir='ltr'>ingenium</span> <span class='ocrx_word' id='word_1_117' title='bbox 678 2194 1063 2242; x_wconf 81' lang='lat' dir='ltr'>eteruditioncm</span> <span class='ocrx_word' id='word_1_118' title='bbox 1079 2193 1436 2240; x_wconf 80' lang='lat' dir='ltr'>ostendendam</span> <span class='ocrx_word' id='word_1_119' title='bbox 1457 2210 1580 2258; x_wconf 77' lang='lat' dir='ltr'>opus</span> 
     </span>
     <span class='ocr_line' id='line_1_23' title="bbox 185 2275 1581 2340; baseline 0 -18"><span class='ocrx_word' id='word_1_120' title='bbox 185 2275 282 2323; x_wconf 82' lang='lat' dir='ltr'>hoe</span> <span class='ocrx_word' id='word_1_121' title='bbox 310 2287 594 2340; x_wconf 80' lang='lat' dir='ltr'>susceptum</span> <span class='ocrx_word' id='word_1_122' title='bbox 630 2286 715 2334; x_wconf 83' lang='lat' dir='ltr'>est,</span> <span class='ocrx_word' id='word_1_123' title='bbox 758 2294 869 2323; x_wconf 86' lang='lat' dir='ltr'>nam</span> <span class='ocrx_word' id='word_1_124' title='bbox 905 2276 963 2322; x_wconf 88' lang='lat' dir='ltr'>ad</span> <span class='ocrx_word' id='word_1_125' title='bbox 1001 2276 1048 2322; x_wconf 86' lang='lat' dir='ltr'>id</span> <span class='ocrx_word' id='word_1_126' title='bbox 1088 2275 1400 2323; x_wconf 79' lang='lat' dir='ltr'>efficiendum</span> <span class='ocrx_word' id='word_1_127' title='bbox 1436 2276 1581 2339; x_wconf 76' lang='lat' dir='ltr'>longe</span> 
     </span>
     <span class='ocr_line' id='line_1_24' title="bbox 187 2357 1580 2422; baseline -0.001 -17"><span class='ocrx_word' id='word_1_128' title='bbox 187 2358 278 2406; x_wconf 83' lang='lat' dir='ltr'>alia</span> <span class='ocrx_word' id='word_1_129' title='bbox 314 2359 478 2406; x_wconf 77' lang='lat' dir='ltr'>forsan</span> <span class='ocrx_word' id='word_1_130' title='bbox 517 2360 789 2422; x_wconf 72' lang='lat' dir='ltr'>elegeretur</span> <span class='ocrx_word' id='word_1_131' title='bbox 825 2358 1038 2413; x_wconf 84' lang='lat' dir='ltr'>materia,</span> <span class='ocrx_word' id='word_1_132' title='bbox 1081 2357 1164 2404; x_wconf 79' lang='lat' dir='ltr'>sed</span> <span class='ocrx_word' id='word_1_133' title='bbox 1206 2368 1274 2416; x_wconf 83' lang='lat' dir='ltr'>ut,</span> <span class='ocrx_word' id='word_1_134' title='bbox 1316 2358 1376 2404; x_wconf 87' lang='lat' dir='ltr'>ad</span> <span class='ocrx_word' id='word_1_135' title='bbox 1413 2374 1580 2404; x_wconf 71' lang='lat' dir='ltr'>exem·</span> 
     </span>
     <span class='ocr_line' id='line_1_25' title="bbox 184 2440 1580 2505; baseline -0.001 -18"><span class='ocrx_word' id='word_1_136' title='bbox 184 2442 320 2503; x_wconf 87' lang='lat' dir='ltr'>plum</span> <span class='ocrx_word' id='word_1_137' title='bbox 348 2442 630 2505; x_wconf 78' lang='lat' dir='ltr'>compendii</span> <span class='ocrx_word' id='word_1_138' title='bbox 661 2441 943 2496; x_wconf 79' lang='lat' dir='ltr'>Rolliniani,</span> <span class='ocrx_word' id='word_1_139' title='bbox 974 2441 1148 2504; x_wconf 53' lang='lat' dir='ltr'>saepius</span> <span class='ocrx_word' id='word_1_140' title='bbox 1178 2440 1367 2503; x_wconf 82' lang='lat' dir='ltr'>repetiti</span> <span class='ocrx_word' id='word_1_141' title='bbox 1391 2451 1437 2486; x_wconf 81' lang='lat' dir='ltr'>et</span> <span class='ocrx_word' id='word_1_142' title='bbox 1459 2440 1580 2486; x_wconf 83' lang='lat' dir='ltr'>doe-</span> 
     </span>
     <span class='ocr_line' id='line_1_26' title="bbox 185 2522 1579 2586; baseline 0 -17"><span class='ocrx_word' id='word_1_143' title='bbox 185 2533 348 2569; x_wconf 86' lang='lat' dir='ltr'>tornm</span> <span class='ocrx_word' id='word_1_144' title='bbox 385 2523 578 2586; x_wconf 85' lang='lat' dir='ltr'>judicio</span> <span class='ocrx_word' id='word_1_145' title='bbox 617 2523 941 2586; x_wconf 80' lang='lat' dir='ltr'>comprobati,</span> <span class='ocrx_word' id='word_1_146' title='bbox 976 2522 1223 2585; x_wconf 74' lang='lat' dir='ltr'>jamvero</span> <span class='ocrx_word' id='word_1_147' title='bbox 1262 2522 1451 2571; x_wconf 76' lang='lat' dir='ltr'>dudum</span> <span class='ocrx_word' id='word_1_148' title='bbox 1495 2522 1579 2569; x_wconf 84' lang='lat' dir='ltr'>de-</span> 
     </span>
     <span class='ocr_line' id='line_1_27' title="bbox 185 2602 1582 2666; baseline 0.001 -16"><span class='ocrx_word' id='word_1_149' title='bbox 185 2604 396 2662; x_wconf 72' lang='lat' dir='ltr'>siderati,</span> <span class='ocrx_word' id='word_1_150' title='bbox 436 2606 557 2652; x_wconf 81' lang='lat' dir='ltr'>alius</span> <span class='ocrx_word' id='word_1_151' title='bbox 597 2602 788 2653; x_wconf 87' lang='lat' dir='ltr'>tandem</span> <span class='ocrx_word' id='word_1_152' title='bbox 838 2607 1167 2652; x_wconf 70' lang='lat' dir='ltr'>conficeretur</span> <span class='ocrx_word' id='word_1_153' title='bbox 1212 2605 1344 2661; x_wconf 81' lang='lat' dir='ltr'>liber,</span> <span class='ocrx_word' id='word_1_154' title='bbox 1399 2604 1480 2666; x_wconf 73' lang='lat' dir='ltr'>qui</span> <span class='ocrx_word' id='word_1_155' title='bbox 1532 2604 1582 2652; x_wconf 80' lang='lat' dir='ltr'>in</span> 
     </span>
     <span class='ocr_line' id='line_1_28' title="bbox 186 2685 1581 2744; baseline -0.002 -12"><span class='ocrx_word' id='word_1_156' title='bbox 186 2686 367 2734; x_wconf 78' lang='lat' dir='ltr'>scholis</span> <span class='ocrx_word' id='word_1_157' title='bbox 393 2698 441 2734; x_wconf 88' lang='lat' dir='ltr'>et</span> <span class='ocrx_word' id='word_1_158' title='bbox 468 2688 732 2736; x_wconf 81' lang='lat' dir='ltr'>academiis</span> <span class='ocrx_word' id='word_1_159' title='bbox 767 2688 945 2735; x_wconf 76' lang='lat' dir='ltr'>nostris</span> <span class='ocrx_word' id='word_1_160' title='bbox 973 2687 1236 2734; x_wconf 82' lang='lat' dir='ltr'>commode</span> <span class='ocrx_word' id='word_1_161' title='bbox 1262 2687 1322 2734; x_wconf 80' lang='lat' dir='ltr'>ab</span> <span class='ocrx_word' id='word_1_162' title='bbox 1349 2685 1581 2744; x_wconf 69' lang='lat' dir='ltr'>omnibns-3</span> 
     </span>
     <span class='ocr_line' id='line_1_29' title="bbox 184 2769 1174 2835; baseline 0 -19"><span class='ocrx_word' id='word_1_163' title='bbox 184 2769 409 2832; x_wconf 71' lang='lat' dir='ltr'>usurpari</span> <span class='ocrx_word' id='word_1_164' title='bbox 436 2780 485 2818; x_wconf 83' lang='lat' dir='ltr'>ct</span> <span class='ocrx_word' id='word_1_165' title='bbox 511 2770 745 2818; x_wconf 75' lang='lat' dir='ltr'>studiosis</span> <span class='ocrx_word' id='word_1_166' title='bbox 767 2770 961 2835; x_wconf 62' lang='lat' dir='ltr'>praelegi</span> <span class='ocrx_word' id='word_1_167' title='bbox 991 2778 1174 2833; x_wconf 68' lang='lat' dir='ltr'>posset.</span> 
     </span>
    </p>

    <p class='ocr_par' dir='ltr' id='par_1_6' title="bbox 848 2859 925 2895">
     <span class='ocr_line' id='line_1_30' title="bbox 848 2859 925 2895; baseline 0.039 -3"><span class='ocrx_word' id='word_1_168' title='bbox 848 2864 874 2892; x_wconf 76' lang='lat' dir='ltr'><strong>A</strong></span> <span class='ocrx_word' id='word_1_169' title='bbox 900 2859 925 2895; x_wconf 67' lang='grc'>3</span> 
     </span>
    </p>
   </div>
  </div>
 </body>
</html>
