2015 3341
342 130 409 168 »Β
443 129 644 168 onum-u
679 132 735 167 m
770 129 1001 166 swanus
1035 131 1228 163 vannis·
1397 118 1485 165 239

94 210 207 265 libro
231 219 341 274 dixi,
372 221 541 268 Graecis
562 223 700 280 magis
722 235 976 266 concessum
997 227 1078 270 est,
1109 217 1184 276 qui
1215 215 1330 259 sonis
1350 212 1486 255 etiam

99 280 359 334 quibusdam
381 289 425 321 et
447 281 675 322 affectibus
693 294 780 321 non
798 279 1107 320 dubitaverunt
1123 275 1298 317 nomina
1311 278 1484 330 aptare;

95 348 185 379 non
222 337 308 378 alia
341 337 556 386 libertate,
585 350 714 391 quam
748 351 833 391 qua
866 335 930 377 illi
967 334 1092 391 primi
1125 331 1325 374 homines
1355 328 1485 370 rebus

95 393 415 449 appellationes
443 394 682 436 dederunt:
714 393 849 434 nostri
881 401 1044 442 autem,
1076 391 1120 432 in
1145 385 1377 446 jungendo
1401 388 1487 448 fuit

96 449 336 492 derivando
368 449 545 507 paulum
566 450 726 505 aliquid
749 450 858 500 ausi,
888 450 963 490 vix
997 449 1042 489 in
1074 446 1160 488 hoc
1192 445 1295 487 satis
1327 454 1486 505 recipi-

97 516 256 560 untu1‘3
287 522 386 549 nam
408 507 586 548 memini
601 506 776 563 juvenis
798 505 1035 548 admodum
1057 506 1170 545 inter
1191 502 1487 556 Pomponium

95 573 142 603 et
160 564 370 605 Senecam
386 565 516 605 etiam
534 562 864 619 praefationibus
880 577 972 603 esse
990 567 1238 609 tractatum,
1255 573 1307 599 an
1323 555 1487 614 gradus

99 618 299 662 eliminat
321 620 436 677 apud
466 619 652 661 Accium
686 619 729 659 in
760 618 977 674 tragoedia
1005 617 1091 659 dici
1105 615 1394 672 oportuisset:
1441 617 1488 652 at

96 684 264 719 veteres
286 691 340 718 ne
365 683 607 733 expectorat
627 675 803 731 quidem
821 678 1080 716 timuerunt:
1113 684 1157 714 et
1174 686 1275 713 sane
1291 668 1488 730 ejusdem

96 742 215 776 notae
243 741 325 783 est,
356 733 587 775 exanimat.
647 732 709 773 At
740 732 784 772 in
818 739 957 773 tractu
990 740 1034 772 et
1066 729 1360 771 declinatione
1382 724 1489 766 talia

97 797 214 840 sunt,
243 789 388 845 qualia
411 789 526 846 apud
561 788 819 831 Ciceronem
841 788 1024 829 beatitas
1045 796 1090 828 et
1112 784 1329 827 beatitudo
1342 799 1355 834 ,⁹
1388 794 1487 838 quae

95 845 206 887 dura
219 846 395 901 quidem
414 846 545 899 sentit
561 858 669 895 esse,
687 852 983 886 verumtamen
1004 859 1079 885 usu
1099 850 1220 899 putat
1239 854 1364 897 posse
1377 836 1490 879 rnol—

96 899 184 944 liri.
245 903 340 945 Nec
359 918 385 944 a
405 903 547 945 verbis
576 902 727 952 modo,
756 902 830 943 sed
853 916 878 942 a
905 901 1155 942 nominibus
1177 911 1351 955 quoque
1373 894 1490 938 deri-

95 969 194 1000 vata
226 966 328 1000 sunt
357 959 575 1015 quaedam,
607 968 656 1002 ut
682 974 707 999 a
741 958 954 1000 Cicerone
989 960 1048 1011 (l)
1072 956 1326 1006 Sullaturic‚
1355 963 1401 996 et
1431 952 1488 994 ab

97 1015 251 1058 Asinio
262 1016 562 1067 Fimbriatum,
572 1014 870 1068 etfibulatum.
904 1015 1050 1057 Multa
1063 1029 1116 1058 ex
1129 1015 1289 1056 Graeco
1303 1012 1492 1053 formata

97 1086 225 1123 nova,
246 1089 297 1115 ac
319 1073 503 1130 plurima
522 1089 547 1115 a
568 1074 738 1129 SergiO,
761 1073 1014 1129 Flavioque,
1035 1085 1220 1128 quorum
1243 1069 1350 1111 dura
1366 1082 1491 1124 quae·

99 1130 226 1178 dam:
250 1131 620 1186 quemadmodum
635 1129 836 1172 videntur
857 1131 1006 1185 utique
1028 1143 1096 1171 ens
1111 1135 1156 1171 et
1168 1129 1367 1176 essentiam
1390 1139 1490 1181 quae

99 1201 177 1229 cur
192 1197 417 1244 tantopere
433 1202 728 1245 aspernemur,
750 1186 858 1228 nihil
877 1187 1022 1238 video,
1043 1187 1124 1228 nisi
1140 1184 1255 1241 quod
1273 1185 1336 1239 (2)
1353 1181 1492 1238 iniqui

92 1244 266 1301 judices
287 1245 490 1287 adversus
510 1260 588 1286 nos
612 1258 780 1296 sumus;
802 1244 987 1300 ideoque
1008 1250 1263 1301 paupertate
1280 1239 1490 1282 sermonis

98 1302 359 1344 laboramus.
420 1302 634 1349 Quaedam
658 1310 801 1343 tamen
832 1301 1088 1358 perdurant:
1120 1314 1218 1341 nam
1236 1308 1280 1340 et
1295 1312 1392 1354 quae
1414 1310 1490 1337 ve·—

100 1365 194 1400 tera
225 1373 341 1400 nunc
370 1367 486 1409 sunt,
516 1359 691 1400 fuerunt
725 1358 827 1399 olim
862 1373 989 1409 nova,
1022 1367 1067 1400 et
1096 1356 1296 1412 quaedam
1331 1354 1377 1395 in
1409 1367 1491 1396 usu

99 1425 308 1472 perquam
333 1416 546 1467 recentia3
578 1423 642 1466 ut,
675 1414 868 1457 Messala
888 1416 1052 1472 primus
1080 1421 1264 1465 reat-um,
1293 1423 1493 1454 munera-

101 1472 210 1514 rium
245 1472 468 1529 Augustus
502 1473 682 1529 primus,
723 1472 917 1514 dixerat:
954 1472 1194 1528 piraticam
1221 1482 1412 1526 quoque,
1442 1473 1493 1509 ut

98 1531 316 1580 musicam,
347 1537 392 1570 et
397 1528 640 1586 fabricam,
673 1528 820 1570 dicere
841 1530 985 1571 adhuc
1006 1529 1265 1572 dubitabant
1283 1526 1366 1567 mei
1381 1539 1492 1581 praem

101 1585 547 1644 ceptoreszfavorem,
570 1594 615 1627 et
632 1586 856 1638 urbanum,
881 1587 1037 1629 Cicero
1061 1600 1173 1627 nova
1194 1583 1355 1634 credit;
1389 1596 1491 1623 nam

102 1651 147 1685 et
178 1644 223 1685 in
256 1643 444 1699 epistola
478 1645 533 1685 ad
574 1643 775 1694 Brutum,
826 1644 954 1694 Eum,
1005 1644 1160 1699 inquit,
1206 1655 1403 1690 amorem,
1450 1645 1492 1681 ec

103 1715 193 1744 tum
215 1705 289 1752 (ut
309 1700 384 1742 lzoc
406 1700 530 1743 verbo
552 1705 678 1753 utar)
698 1699 900 1757 savorem
924 1702 968 1743 in
998 1700 1217 1742 consilium
1241 1696 1456 1739 advocabo
1475 1712 1488 1737 .-

101 1767 148 1800 et
173 1758 227 1799 ad
250 1758 444 1814 Appium
475 1757 704 1800 Pulcrum:
742 1757 813 1807 Te,
845 1759 1049 1800 hominem
1070 1772 1152 1799 non
1172 1756 1304 1797 solum
1326 1754 1491 1810 sapien-

104 1821 203 1865 tem,
246 1829 388 1856 veram
423 1815 555 1856 eciam
596 1820 669 1867 (ut
708 1829 817 1856 nunc
860 1816 1096 1872 loquimar)
1139 1814 1363 1856 urbanum.
1427 1810 1489 1864 (3)

103 1871 228 1914 Idem
260 1880 387 1928 putat
417 1887 443 1913 a
470 1872 676 1914 Terentio
704 1873 889 1928 primum
921 1873 1085 1914 dictum
1115 1885 1206 1912 esse
1227 1869 1490 1925 obsequium,-

105 1928 309 1971 Caecilius
339 1944 365 1970 a
386 1929 582 1980 Sisenna,
613 1929 776 1971 albenti
798 1930 923 1972 coelos
957 1930 1155 1971 cervicem
1177 1928 1349 1968 videtur
1373 1926 1492 1968 Hor-

106 1987 266 2028 tensius
298 1986 461 2044 primus
495 1986 683 2038 dixisse3
717 2001 818 2028 nam
849 1998 1016 2029 veteres
1046 1985 1272 2045 pluraliter
1299 1982 1494 2042 appella-

102 2043 224 2085 bant.

159 2099 424 2142 Audendum
455 2099 622 2156 itaque:
655 2116 796 2158 neque
829 2101 946 2143 enim
979 2100 1142 2143 accedo
1164 2099 1308 2150 Celso,
1339 2096 1413 2153 qui
1435 2095 1491 2138 ab

105 2165 274 2199 oratore
292 2158 422 2199 verba
450 2157 557 2213 fingi
583 2167 720 2201 vetat:
754 2173 871 2209 nam,
903 2174 1003 2200 cum
1031 2159 1116 2199 sint
1138 2172 1287 2199 eorum
1311 2155 1396 2196 alia
1424 2158 1493 2206 (ut

106 2213 215 2257 dicit
237 2215 411 2269 Cicero)
434 2215 600 2268 nativa,
629 2216 674 2258 id
709 2225 789 2268 est,
821 2231 918 2273 quae
947 2216 1191 2274 significata
1221 2222 1322 2255 sunt
1352 2211 1493 2271 primo

151 2369 203 2409 (1)
227 2369 276 2400 Ad
292 2370 392 2401 Attic.
412 2370 465 2400 lib.
485 2372 514 2401 3.
537 2381 588 2410 ep.
617 2373 666 2402 12.
714 2371 875 2411 Syllaturit
891 2371 1007 2402 animus
1023 2372 1086 2408 ejus
1104 2376 1133 2401 et
1142 2368 1356 2411 proscripturit.
1400 2367 1495 2398 Deri-

108 2415 198 2444 vatio
221 2419 272 2443 est
294 2425 313 2443 a
339 2414 429 2444 Sulla
450 2415 502 2444 vel
529 2415 632 2453 Sylla,
657 2416 714 2454 qui
731 2416 820 2446 cives
837 2417 997 2446 Romanos
1010 2415 1185 2455 proscripsit.
1230 2415 1329 2445 Turn.
1376 2413 1415 2442 In
1431 2412 1495 2441 hoc

108 2458 180 2490 loeo
192 2457 421 2488 constituendo
436 2459 474 2488 G.
490 2459 577 2488 Jens0
596 2464 630 2490 et
641 2460 803 2498 optimum
821 2469 990 2499 quemque
1003 2460 1126 2490 librum
1141 2458 1320 2499 sequimur,
1338 2456 1374 2487 Ο.

155 2527 207 2567 (2)
233 2527 329 2558 Quam
345 2531 453 2557 temere
468 2527 500 2557 in
518 2533 631 2559 nosmet
644 2527 739 2569 legem
754 2529 902 2560 sancimus
914 2530 1045 2570 iniquam
1057 2529 1070 2560 !
1094 2530 1173 2561 Hor.

239 2570 363 2610 Propter
378 2576 538 2610 egestatem
555 2571 678 2612 linguae,
705 2574 760 2606 ὃςε.
787 2575 917 2604 Luci-et.
944 2574 980 2605 Ο.

154 2641 206 2679 (3)
232 2641 301 2671 Nee
316 2644 429 2671 tamen
446 2636 509 2671 hoc
525 2651 639 2672 verum
658 2645 726 2672 est:
751 2653 827 2674 nam
841 2647 1038 2682 usurpatum
1056 2642 1156 2673 fuerit
1166 2640 1334 2682 obsequium
1347 2639 1498 2671 aPlauto

112 2689 144 2716 et
175 2685 286 2714 Naevio
317 2689 394 2714 ante
425 2685 637 2723 Terentium3
674 2686 796 2717 idcirco
826 2687 947 2717 Fabius
977 2687 1110 2725 adjecit,
1127 2690 1225 2725 putat.
1271 2686 1371 2714 Turn.
1419 2683 1495 2713 Vid.

110 2730 207 2758 Gesn.
222 2732 286 2758 not.
334 2730 415 2760 Quae
429 2733 540 2758 autem
559 2734 755 2768 sequuntur,
779 2731 827 2761 ita
851 2731 990 2770 legenda
1007 2735 1041 2760 et
1063 2729 1309 2768 interpretanda
1326 2727 1496 2758 videntur:

114 2770 249 2801 Cet-cilius
272 2775 368 2811 putat
395 2783 413 2802 a
429 2770 554 2802 Sisenna
570 2773 714 2811 primurn
738 2774 863 2804 dietum
880 2784 961 2810 esse,
984 2774 1097 2804 albenti
1119 2773 1199 2803 calo.
1255 2772 1339 2802 Vide
1363 2779 1434 2810 quae
1457 2771 1499 2802 ad

114 2818 199 2846 hum:
218 2816 326 2847 locum
346 2816 549 2847 somniarunt
567 2816 624 2849 viri
641 2817 832 2849 doctissimi.
880 2819 945 2850 Nos
959 2819 1056 2849 Goth.
1071 2822 1106 2848 et
1120 2817 1163 2848 al.
1180 2816 1245 2848 fide
1260 2816 1405 2848 nitimur.
1432 2814 1467 2845 Ο»

788 2870 814 2899 Ρ
