2015 3341
674 122 735 154 m:
768 120 1108 154 moeu'nonn.
1474 107 1559 152 199

166 219 322 264 ratam,
345 213 446 270 quia
467 211 724 254 difficillima
745 212 843 254 fuit.
903 211 961 253 Et
982 209 1051 251 M.
1067 207 1235 263 Tullius
1257 204 1555 248 inventionem

169 271 346 326 quidem
379 287 428 312 ac
451 271 781 326 dispositionem
819 268 1043 325 prudentis
1077 265 1264 307 hominis
1296 271 1435 323 putat,
1465 260 1555 300 elo·

169 329 391 380 quentiam
415 328 620 368 oratoris:
655 327 838 381 ideoque
873 326 1090 382 praecipue
1123 324 1238 364 eirca
1273 320 1404 377 partis
1428 317 1555 372 hujus

170 393 388 446 praccepta
421 383 673 425 elaboravit.
735 383 864 429 Quod
903 396 1000 424 euin
1037 381 1191 432 merito
1223 378 1392 427 fecisse,
1423 375 1556 416 etiam

170 453 266 494 ipso
308 441 385 491 rei,
418 441 472 481 de
506 456 593 495 qua
630 440 861 495 loquimur,
893 438 1068 484 nomine
1105 436 1247 493 palam
1289 433 1554 487 declaratur:

170 496 314 552 eloqui
332 498 447 538 enim
478 496 563 538 hoc
593 505 679 548 est3
713 497 858 537 omnia
877 511 973 550 quae
1009 502 1156 541 mente
1183 491 1435 547 conceperis
1457 501 1559 545 pro·

135 598 137 600 Υ
169 567 303 604 mere,
335 563 463 609 atque
485 554 536 594 ad
570 554 794 594 audientes
829 553 1038 607 perferre:
1072 551 1162 591 sine
1183 564 1269 605 quo
1293 547 1558 603 supervocua

171 619 271 652 sunt
303 611 461 666 priora,
492 617 535 650 et
563 610 718 650 similia
749 609 898 664 gladio
924 608 1122 657 condito,
1152 614 1280 662 atque
1303 605 1413 645 intra
1437 601 1558 656 vagi-

170 681 272 708 nam
295 682 414 708 suam
440 667 638 709 haerenti.
700 665 802 706 Hoc
836 666 983 719 itaque
1013 664 1202 711 maxime
1235 662 1438 702 docetur:
1469 658 1557 698 boc

170 723 318 765 nullus
338 723 420 763 nisi
436 730 527 764 arte
546 722 712 777 assequi
735 730 898 776 potest:
921 721 1006 761 huc
1024 720 1213 761 studium
1231 716 1555 764 adhibendum:

171 779 257 821 hoc
277 780 532 820 exercitatio
553 780 679 834 petit,
708 778 792 819 hoc
814 777 1030 819 imitatio&
1054 777 1127 818 hic
1150 775 1290 816 omnis
1319 781 1423 814 aetas
1453 785 1560 820 con.-

170 836 376 879 sumitur:
410 835 494 876 hoc
531 836 721 876 maxime
755 843 900 875 orator
935 841 1104 875 oratore
1145 831 1441 889 praestantior:
1472 827 1560 868 hoc

172 907 333 949 genera
349 893 441 947 ipsa
457 892 628 933 dicendi
649 892 733 933 alia
749 891 844 932 aliis
866 892 1050 947 potiora.
1084 890 1237 944 ‘Neque
1254 888 1369 929 enim
1389 884 1559 936 Asiani,

171 956 248 991 aut
275 963 534 1005 quocunque
568 949 655 990 alio
688 963 846 1005 genere
879 948 1088 1004 corrupti,
1120 961 1185 988 res
1217 960 1304 987 non
1337 944 1558 991 viderunt-‚j

170 1015 248 1049 aut
269 1021 340 1047 eas
360 1021 446 1047 non
468 1005 815 1056 collocaverunt3
847 1019 1006 1060 neque,
1037 1019 1146 1060 quos
1168 1002 1313 1043 aridos
1334 1013 1564 1053 vocamus,

173 1063 309 1114 stulti,
340 1073 414 1104 aut
449 1064 492 1104 in
527 1063 666 1104 causis
699 1063 807 1104 caeci
836 1063 1031 1103 fuerunt:
1064 1061 1138 1102 sed
1173 1060 1238 1100 his
1264 1058 1483 1116 judicium
1517 1055 1564 1110 iu

174 1121 438 1176 eloquendo,
467 1135 517 1161 ac
539 1119 712 1171 modus,
742 1119 825 1161 illis
849 1120 958 1160 vires
984 1118 1238 1160 defuerunt:
1272 1124 1319 1157 ut
1339 1122 1562 1172 appareat,i

173 1178 217 1220 in
247 1177 332 1218 hoc
352 1187 395 1218 et
417 1177 569 1220 vitium
592 1184 635 1218 et
657 1178 857 1218 virtutem
879 1190 972 1218 esse
994 1175 1186 1217 dicendi.
1248 1173 1349 1215 Non
1372 1173 1471 1214 ideo
1496 1177 1562 1210 ta·

174 1249 276 1277 men
311 1234 401 1276 sola
437 1242 501 1276 est
537 1234 707 1290 agenda
738 1247 843 1274 cura
878 1234 1124 1274 verborum.
1185 1230 1417 1272 Occurram
1448 1227 1565 1283 enim

175 1306 351 1335 necesse
371 1301 450 1342 est,
481 1299 540 1342 et,
573 1291 752 1333 velutin
779 1290 994 1331 vestibulo
1018 1289 1212 1345 protinus
1234 1284 1566 1344 apprehensuris

175 1349 288 1391 hanc
309 1348 626 1390 confessionem
649 1361 806 1399 meam‚
830 1349 1022 1388 resistam
1046 1347 1113 1397 iis,
1136 1346 1208 1401 qui
1230 1346 1387 1385 omissa
1409 1355 1564 1391 rerum,

175 1406 250 1461 qui
284 1406 402 1447 nervi
437 1416 536 1446 suut
565 1405 607 1446 in
628 1405 788 1455 causis,
820 1404 1066 1460 diligentia,
1099 1402 1287 1458 quodam
1310 1401 1425 1442 inani
1449 1396 1567 1440 circa]

176 1477 290 1506 voces
314 1462 457 1504 studio
480 1472 728 1503 senescunt:
748 1461 876 1516 idque
894 1462 1059 1502 faciunt
1081 1460 1219 1515 gratia
1233 1458 1424 1508 decoris3
1445 1453 1564 1512 quod

184 1528 251 1561 est
287 1521 330 1561 in
364 1519 551 1564 dicendo
573 1533 671 1559 mea
692 1518 867 1574 quidem
898 1518 1104 1573 opinione
1135 1515 1458 1571 pulcerrimum,
1490 1513 1566 1553 sod

173 1591 276 1618 cum
299 1577 507 1632 sequitur,
538 1590 624 1618 non
647 1590 746 1617 cum
768 1574 1008 1616 affectatur.
1069 1574 1266 1628 Corpora
1286 1587 1404 1621 sana,
1434 1579 1479 1611 et
1499 1571 1565 1616 inff-

176 1634 288 1689 tegri
321 1633 559 1688 sanguini8‚
591 1639 636 1674 et
668 1632 982 1673 exercitatione
1010 1632 1196 1680 firmata,
1227 1644 1282 1670 ex
1311 1629 1464 1669 iisdem
1496 1626 1567 1667 his

177 1691 365 1746 speciem
390 1690 627 1749 accipiunt,
659 1704 712 1732 ex
736 1689 892 1744 quibus
917 1689 1047 1729 vires:
1081 1701 1266 1741 namque
1290 1696 1334 1726 et
1355 1685 1567 1733 colorata,

174 1755 221 1789 et
242 1747 464 1797 adstricta,
494 1756 539 1788 et
562 1746 732 1787 lacertis
755 1760 955 1801 expressa
975 1753 1101 1786 sunt:
1133 1744 1206 1785 scd
1230 1743 1381 1783 eadem
1405 1743 1438 1783 si
1470 1741 1567 1796 quis

175 1805 300 1846 vulsa
337 1815 468 1859 atque
507 1803 654 1850 fucata
689 1803 958 1844 muliebriter
998 1810 1158 1852 comat,
1190 1800 1431 1841 foedissima
1469 1805 1571 1839 sunt.

175 1861 272 1917 ipso
295 1861 445 1904 formae
477 1860 642 1904 labore.
702 1860 760 1903 Et
781 1859 921 1901 cultus
953 1874 1182 1900 concessus
1218 1865 1347 1912 atque
1368 1855 1570 1912 magnifi-

175 1934 254 1960 cus
286 1919 412 1960 addit
441 1918 709 1967 hominibus,
741 1927 788 1958 ut
812 1920 874 1969 (1)
903 1916 1061 1958 Graeco
1090 1930 1214 1957 versu
1248 1921 1452 1955 testatum
1486 1920 1568 1962 est,

174 1977 503 2018 auctoritatem:
549 1983 594 2016 at
628 1975 864 2024 muliebris,
909 1982 954 2015 et
991 1973 1250 2021 luxuriosus,
1281 1986 1369 2012 non
1413 1985 1570 2026 corpus

174 2041 379 2083 exornat,
411 2033 485 2073 sed
509 2032 678 2088 detegit
698 2040 906 2073 mentem.
967 2030 1177 2072 Similiter
1199 2029 1273 2069 illa
1302 2028 1569 2070 translucida

175 2098 224 2132 et
245 2089 477 2133 versicolor
499 2088 769 2145 quorundam
788 2087 978 2130 elocutio
995 2102 1060 2128 res
1083 2088 1196 2143 ipsas
1218 2085 1456 2135 effeminat,
1477 2100 1572 2140 quae

177 2147 255 2189 illo
277 2148 506 2189 verborum
530 2146 679 2187 habitu
702 2147 956 2187 vestiuntur.
1018 2144 1174 2186 Curam
1193 2158 1298 2200 ergo
1319 2143 1570 2198 verboru1n2

177 2219 320 2253 rerum
342 2203 442 2246 volo
464 2218 555 2246 esse
573 2203 911 2245 solicitudinem.

237 2261 349 2304 Nam
374 2261 628 2316 plerumque
653 2261 825 2316 ,op-tima
855 2261 981 2301 rebus
1002 2258 1241 2308 cohaerent,
1272 2266 1316 2298 et
1335 2265 1571 2299 cernuntur

178 2333 258 2362 §uo
279 2318 458 2361 lumine.
503 2318 563 2359 At
583 2332 661 2358 nos
683 2318 914 2373 qu-ae-rimus
936 2316 1026 2365 illa,
1047 2323 1249 2371 tanquam
1272 2315 1438 2356 lateant
1457 2329 1570 2355 sem.-

179 2389 271 2432 per,
291 2389 420 2431 seque
441 2375 706 2416 subducant:
730 2375 789 2415 ita
808 2388 1025 2430 nunquam
1046 2384 1244 2428 putamus
1266 2372 1382 2413 circa
1398 2371 1442 2412 id
1461 2385 1570 2421 esse,

179 2432 238 2475 de
258 2446 344 2487 quo
374 2431 605 2473 dicendum
629 2441 709 2482 est,
747 2431 820 2472 sed
854 2446 906 2472 ex
942 2430 1034 2471 aliis
1063 2430 1170 2470 locis
1202 2430 1406 2485 petimus,
1437 2436 1481 2469 et
1503 2428 1569 2469 in-

181 2489 324 2530 ventis
359 2488 444 2528 vim
476 2488 710 2530 afferimus.
772 2489 945 2544 Majore
976 2488 1122 2528 animo
1154 2486 1451 2542 aggredienda
1481 2484 1570 2526 elo·

179 2545 362 2606 quentia
382 2552 469 2589 est:
502 2560 617 2602 quae,
648 2545 682 2587 si
716 2555 810 2587 toto
843 2559 1023 2604 corpore
1054 2543 1186 2593 valet,
1216 2557 1382 2599 ungues
1415 2542 1569 2599 polire,

230 2666 280 2705 (1)
303 2666 432 2697 Alludit
455 2665 497 2695 ad
523 2666 731 2703 proverbium
745 2668 913 2697 Graeeum:
941 2661 1085 2704 Εῖμεκτικ
1105 2653 1196 2707 ἆνῆς.
1254 2663 1350 2693 Vestis
1369 2662 1575 2699 vimmsacit:

185 2720 254 2751 quo
271 2710 495 2748 significamus
513 2709 618 2748 ipsum
635 2715 786 2740 ornatum
805 2710 1085 2749 magnificentiam
1103 2709 1270 2748 quandam
1288 2712 1321 2737 et
1337 2707 1574 2739 auctoritatem

185 2754 375 2784 hominibus
392 2754 524 2784 addere.
550 2753 724 2783 Existimat
740 2755 895 2785 Erasmus
906 2765 925 2784 a
942 2752 1041 2783 Fabio
1057 2753 1232 2791 significari
1248 2760 1378 2782 versum
1395 2751 1577 2790 quemdam

186 2798 411 2840 &emericum
429 2805 533 2839 ‚quem
548 2797 713 2829 Nausica‘e
729 2798 769 2830 de
786 2797 905 2836 Ulysse
921 2797 1005 2828 dixit
1019 2797 1075 2829 lib.
1095 2799 1125 2827 6.
1143 2796 1245 2837 Odys.
1260 2806 1289 2828 v.
1308 2797 1362 2826 ¹29.
1414 2793 1506 2827 Tum.

842 2846 930 2884 04
