2015 3341
470 131 575 170 QUAE
600 130 674 158 εῖτ
699 129 921 159 MATERIA
948 130 1270 159 nnnromcsss.
1510 126 1563 167 71

177 222 336 257 mntem
358 225 636 266 vocaverunt,
671 217 786 272 quod
807 216 848 258 in
872 217 989 259 omni
1014 218 1193 258 materia
1211 218 1390 260 diceret.
1453 218 1567 261 Cum

178 275 333 326 quibus
367 274 472 314 milii
504 275 685 314 minima
718 289 865 329 pugna
894 283 973 316 est.
1036 275 1148 315 Nam
1180 276 1234 315 de
1255 276 1367 316 omni
1389 278 1569 317 materia

177 330 322 370 dicere
354 346 447 371 eam
489 330 703 372 fatentur:
731 332 954 386 propriam
993 331 1152 373 habere
1191 333 1432 383 materiam,
1466 335 1568 389 quia

178 386 454 443 mulciplicem
494 387 668 438 habeat,
716 400 893 443 negant.
967 389 1050 429 Sed
1095 404 1233 444 neque
1275 389 1444 430 infinita
1483 399 1566 441 est,

176 444 309 484 etiam
351 446 485 494 srest
528 444 783 500 multiplex:
818 453 862 485 et
897 445 993 486 aliae
1031 461 1202 501 quoque
1240 455 1351 488 artes
1387 449 1567 488 minores

176 499 341 541 habent
361 501 646 557 multiplicem
670 502 889 542 materiam
908 518 918 552 3
944 501 1060 543 velut
1081 502 1433 553 architectonice,·
1466 519 1567 546 nam

176 571 227 596 ea
258 558 300 598 in
327 560 526 600 omnibus
549 573 640 613 qua>
667 565 767 599 sunt
787 559 976 599 aedificio
994 559 1118 600 utilia
1138 568 1352 611 versatur3
1385 569 1430 601 et
1446 561 1570 602 caela-

173 622 305 664 tura3
329 630 427 669 quae
450 631 570 664 auro,
594 624 791 670 argento,
810 629 914 665 aere,
937 616 1064 665 ferro,
1087 631 1219 672 opera
1239 617 1388 658 efficit.
1451 619 1568 660 Ram

173 671 391 726 sculptura
409 674 538 713 etiam
559 672 741 726 lignum,
772 672 893 720 ebur,
916 687 1117 722 marmor,
1151 673 1325 724 vitrum,
1358 689 1570 729 gemmaS,

175 737 332 783 praeter
348 743 399 768 ea
420 745 516 783 quae
538 743 664 783 supra
687 728 797 777 dixi,
829 729 1150 783 complectitur.
1195 730 1348 785 Neque
1373 732 1569 786 protinus

174 798 263 824 non
296 793 361 824 est
381 786 560 826 materia
583 785 833 833 rhetorices,
866 785 899 825 si
934 787 975 825 in
998 786 1149 826 eadem
1169 798 1360 828 versatur
1379 796 1423 828 et
1443 789 1567 830 alius.

175 841 289 882 Nam
312 841 345 882 si
368 857 575 898 quaeram,
607 856 703 896 quae
727 842 781 881 sit
797 842 978 882 materia
1001 843 1212 894 statuarii,
1245 844 1413 885 dicetur
1433 860 1510 886 aes:
1532 847 1568 886 si

174 912 382 952 qnaeram,
416 914 513 954 quae
552 898 606 939 sit
637 898 874 948 excusoris,
906 898 947 938 id
985 907 1065 948 est,
1098 900 1189 954 ejus
1231 900 1403 942 fabricae
1438 917 1569 956 quam

175 954 321 996 Graeci
353 955 581 1006 χαλκευτικὴ
612 963 785 1004 vocant,
817 955 1015 996 similiter
1051 970 1100 996 ces
1138 971 1228 997 esse
1261 958 1568 1014 respondeant.

172 1012 309 1067 Atqui
343 1010 577 1067 plurimum
600 1026 625 1051 a
647 1013 797 1052 statuis
816 1012 1022 1052 differunt
1044 1028 1158 1054 vasa.
1220 1014 1312 1055 Nec
1348 1015 1570 1057 medicina

171 1068 274 1109 ideo
297 1083 383 1109 non
405 1067 488 1107 erit
509 1082 590 1118 ars,
624 1069 726 1123 quia
754 1069 901 1110 unctio
933 1077 978 1109 et
1011 1072 1267 1111 exercitatio
1292 1086 1389 1112 cum
1416 1073 1571 1129 palaes-

174 1126 298 1176 trica,
329 1126 527 1167 ciborum
549 1140 650 1166 vero
671 1125 855 1181 qualitas
888 1127 1020 1168 etiam
1050 1143 1149 1169 cum
1181 1142 1421 1184 coquorum
1443 1131 1482 1171 ei
1516 1132 1573 1172 sit

173 1191 264 1224 arte
286 1196 545 1224 communis.

232 1240 363 1287 Quod
392 1254 493 1280 vero
516 1238 569 1279 de
591 1240 724 1290 bono,
758 1240 872 1289 utili,
898 1240 1022 1295 justo
1045 1241 1269 1294 disserere,
1297 1243 1571 1300 philosophice

170 1297 367 1338 officium
388 1311 479 1337 esse
501 1296 670 1347 dicunt,
690 1312 776 1338 non
802 1299 961 1339 obstat.
1024 1299 1139 1339 Nam
1161 1315 1256 1341 cum
1274 1301 1571 1357 philosophum

174 1355 342 1404 dicunt,
376 1353 459 1394 hoc
481 1354 619 1409 accipi
640 1354 806 1404 volunt,
827 1356 964 1396 virum
987 1355 1153 1396 bonum.
1215 1357 1304 1398 Cur
1321 1359 1453 1414 igitur
1473 1374 1570 1399 ora-

172 1419 329 1462 torem,
360 1426 489 1467 quem
522 1426 547 1451 a
582 1413 695 1452 bono
718 1412 810 1452 viro
834 1427 917 1452 non
941 1427 1108 1467 separo,
1141 1414 1184 1453 in
1214 1415 1366 1456 eadem
1391 1417 1572 1457 materia

173 1469 328 1510 versari
347 1469 498 1509 mirer?
520 1483 618 1508 cum
638 1469 876 1523 praesertim
896 1469 1035 1524 primo
1053 1469 1267 1526 librojam
1286 1473 1571 1524 ostenderim,

171 1525 457 1582 philosophos
489 1526 691 1565 omissam
726 1525 836 1566 hanc
870 1527 923 1566 ab
957 1528 1200 1568 oratoribus
1234 1538 1400 1584 partem
1437 1545 1569 1572 occu-

172 1598 310 1638 passe,
335 1597 433 1638 quae
452 1581 688 1623 rhetorices
705 1583 878 1637 propria
893 1597 1062 1638 semper
1078 1584 1252 1636 fuisset3
1272 1595 1319 1626 ut
1340 1586 1402 1626 illi
1425 1588 1570 1642 potius

170 1641 214 1681 in
235 1649 378 1680 nostra
400 1639 579 1679 materia
598 1647 828 1679 versentur.
891 1639 1109 1695 Denique,
1141 1657 1240 1682 cum
1258 1643 1314 1683 sit
1330 1643 1571 1688 dialectices

170 1697 352 1738 materia
373 1697 427 1736 de
451 1696 575 1736 rebus
605 1696 810 1751 subjectis
829 1696 1063 1751 disputare,
1095 1698 1150 1738 sit
1172 1707 1314 1740 autem
1338 1701 1570 1744 dialectice

171 1754 310 1794 oratio
329 1753 521 1803 concisc15
554 1768 630 1794 cur
661 1768 751 1794 non
779 1753 933 1796 eadem
958 1761 1174 1811 perpetuas
1195 1771 1367 1812 quoque
1388 1760 1570 1800 materia

169 1811 398 1853 videatur?

227 1868 346 1910 Solet
362 1883 387 1908 a
402 1866 660 1923 quibusdam
679 1876 724 1908 et
741 1867 846 1909 illud
871 1868 997 1923 poni3
1035 1867 1233 1910 Omnium
1255 1871 1391 1927 igitur
1407 1873 1569 1914 artium

166 1927 329 1982 peritas
350 1925 431 1966 eric
454 1931 617 1974 orator,
637 1926 672 1966 si
692 1925 741 1966 de
761 1925 950 1970 omnibus
971 1927 1008 1967 ei
1030 1926 1249 1968 dicendum
1267 1936 1339 1970 est.
1389 1930 1569 1972 Possem.

169 1984 241 2024 hic
264 1982 488 2024 Ciceronis
510 1983 770 2037 respondere
788 1983 955 2034 verbis3
978 1983 1091 2039 apud
1116 1999 1245 2038 quem
1259 1985 1343 2027 hoc
1365 1988 1565 2030 invenio:

172 2040 275 2082 Mea
298 2039 463 2096 quidem
481 2040 685 2080 sententia
706 2054 821 2080 nemo
839 2054 917 2083 esse
942 2041 1107 2096 poterit
1139 2043 1248 2083 omni
1271 2042 1394 2085 laude
1425 2060 1568 2087 cunm-

173 2098 284 2139 latus
317 2104 480 2146 orator,
514 2097 594 2137 nisi
626 2097 708 2138 erit
747 2098 930 2138 omnnium
972 2113 1110 2139 rerum
1151 2114 1403 2156 magnarum
1438 2110 1567 2157 atque

171 2156 329 2197 artium
347 2155 564 2196 scientiam
588 2161 838 2195 consecutas.
899 2155 983 2195 Sed
1008 2155 1113 2196 mihi
1139 2157 1240 2197 satis
1259 2165 1340 2207 est,
1361 2160 1452 2214 ejus
1475 2175 1567 2201 esse

167 2222 386 2254 oratorem
419 2212 498 2262 rei,
530 2211 585 2252 de
621 2227 706 2266 qua
737 2211 860 2260 dicit,
890 2227 977 2252 non
1013 2212 1212 2254 inscium.
1274 2215 1428 2270 Neque
1448 2218 1568 2258 enim

171 2285 322 2310 omnes
341 2284 489 2310 causas
520 2269 658 2319 novit,
689 2280 734 2309 et
764 2268 895 2310 debet
929 2284 1050 2324 posse
1087 2270 1141 2311 de
1166 2273 1367 2313 omnibus
1405 2273 1568 2317 dicere.

171 2327 240 2369 De
261 2327 416 2382 quibus
449 2341 553 2381 ergo
586 2327 733 2367 dicet?
767 2326 821 2366 de
853 2327 1010 2380 quibus
1044 2327 1216 2369 didicit.
1279 2329 1488 2371 Similiter
1511 2332 1565 2373 de

171 2384 334 2425 artibus
355 2398 543 2438 quoque,
574 2383 628 2424 de
649 2384 804 2438 quibus
826 2383 1059 2425 dicendum
1077 2385 1174 2435 erit,
1208 2385 1381 2428 interim
1404 2388 1565 2441 discet3

170 2441 292 2483 etde
311 2442 467 2496 quibus
490 2441 708 2490 didicerit,
741 2441 875 2481 dicet.

233 2497 352 2542 Quid
371 2512 468 2553 ergo
482 2496 505 2538 (2
536 2513 618 2539 non
634 2497 851 2554 autfaber
867 2496 1104 2555 defabrica
1124 2499 1285 2551 melius,
1309 2509 1385 2542 aut
1407 2502 1455 2542 de
1472 2518 1565 2544 mcc-

172 2555 252 2596 sice
273 2555 448 2595 musicus
463 2553 487 2594 ,9
518 2555 552 2595 si
587 2557 752 2596 nesciat
774 2565 919 2596 orator
940 2555 1043 2610 quid
1069 2557 1123 2597 sit
1147 2558 1200 2598 de
1221 2573 1307 2613 quo
1331 2571 1565 2613 quaeratur,

172 2612 298 2668 plane
322 2611 487 2652 melius.
548 2612 663 2653 Nam
681 2621 726 2653 et
745 2612 941 2668 litigator
971 2615 1153 2654 rusticus
1176 2614 1485 2670 illiteratusque
1509 2618 1564 2658 de

171 2684 301 2710 causa
320 2683 396 2710 sua
415 2668 584 2718 melius,
615 2684 742 2724 quam
767 2678 912 2710 orator
931 2670 1003 2724 qui
1029 2672 1166 2712 nescit
1183 2672 1286 2726 quid
1317 2673 1358 2712 in
1395 2673 1467 2713 lite
1491 2675 1564 2725 sit,

171 2726 305 2780 dicet.
367 2725 450 2766 Sed
473 2733 655 2781 accepta
674 2742 699 2767 a
719 2727 901 2775 musico,
934 2741 959 2766 a
981 2726 1120 2778 fabro,
1153 2730 1265 2769 sicut
1283 2745 1305 2769 a
1328 2729 1562 2785 litigatore,

172 2783 326 2828 melius
359 2791 504 2830 orator
534 2798 663 2840 quarn
693 2784 786 2841 ipse
816 2784 891 2839 qui
924 2783 1137 2835 docuerit.
1196 2786 1230 2827 V
1236 2801 1357 2835 erum
1378 2794 1423 2832 et
1444 2786 1564 2831 faber

814 2855 838 2883 F
869 2847 896 2884 4
