2015 3341
403 129 466 170 ba
491 134 691 170 GENERE
725 130 1162 169 DEMONSTRArxvm
1448 129 1500 169 81

113 221 302 275 futuram
330 225 572 269 claritatem
600 227 900 284 promiserint:
932 235 981 268 ut
998 241 1112 277 eum,
1145 224 1217 281 qui
1241 238 1295 266 ex
1316 223 1506 267 Thetide

113 291 238 324 natus
252 292 377 335 esset,
399 285 608 341 majorem
628 293 750 342 patre
768 299 844 326 suo
863 284 1055 325 futurum
1076 283 1282 325 cecinisse
1296 283 1504 326 dicuntur

112 340 302 382 oracula.

169 397 309 452 Ipsius
331 412 431 438 vero
448 397 538 439 laus
559 396 764 447 hominis,
787 412 841 439 ex
861 397 1017 446 animo,
1039 404 1083 438 et
1105 410 1293 452 corpore,
1317 403 1360 438 et
1379 402 1503 438 extra

106 454 271 507 positis,
300 455 390 509 peti
410 454 555 495 debet.
618 454 674 494 Et
690 455 876 509 corporis
895 454 1090 509 quidem,
1121 454 1501 509 fortuitorumque,

111 523 211 550 cum
240 510 390 561 levior,
422 519 514 552 tum
541 525 630 552 non
663 525 749 551 uno
771 511 904 552 modo
934 511 1160 551 tractanda
1181 517 1260 551 est.
1322 510 1434 551 Nam
1456 518 1504 551 et

108 567 446 621 pulcritudinem
463 567 635 608 interim
658 568 871 622 roburque
898 569 1197 623 prosequimur
1219 567 1382 608 honore
1404 580 1502 608 ver-

109 623 280 673 borum,
303 634 352 665 ut
369 624 586 665 Homerus
615 623 657 663 in
680 622 1008 678 Agamemnone
1031 631 1160 678 atque
1181 622 1367 665 Achille.
1429 623 1505 665 Ine·

108 680 235 721 terim
252 682 421 722 confert
437 679 713 721 admirationi
729 679 912 720 multum
928 681 1058 721 etiam
1074 680 1315 730 infirmitas,
1339 688 1385 720 ut
1399 694 1502 722 curn

109 735 225 777 idem
242 737 393 793 Tydea
416 750 612 792 parvum,
642 736 714 776 sed
751 735 1007 777 bellatorem
1041 736 1150 778 dicit
1182 736 1328 777 fuisse.
1391 736 1501 777 For-

109 799 214 834 tuna
230 808 343 843 vero,
359 808 456 834 cum
471 792 729 847 dignitatem
743 791 883 842 affert,
896 801 946 833 ut
962 793 1004 833 in
1023 794 1196 848 regibus
1210 793 1502 849 principibus-

108 864 208 904 que,
240 854 444 905 (namque
477 857 542 889 est
573 847 668 889 haec
699 849 880 889 materia
901 849 1182 890 ostendendae
1205 849 1373 891 virtutis
1393 850 1501 890 ube-

106 907 209 960 rior)
236 915 344 955 tum,
375 920 460 961 quo
483 904 670 946 minores
691 919 795 960 opes
817 905 1007 957 fuerunt,
1038 920 1090 947 eo
1124 906 1333 961 majorem
1367 907 1501 948 bene-

106 962 232 1004 factis
253 962 433 1018 gloriam
461 962 586 1018 parit.
630 961 714 1002 Sed
738 963 884 1003 omnia
903 978 998 1018 quae
1014 969 1134 1004 extra
1155 978 1227 1004 nos
1245 963 1359 1003 bona
1381 975 1498 1018 sunt,

104 1035 288 1076 quaeque
310 1019 559 1060 hominibus
581 1018 692 1060 forte
715 1019 984 1074 obtigerunt,
1017 1034 1102 1061 non
1127 1019 1226 1061 ideo
1251 1019 1498 1071 laudantur,

104 1077 221 1131 quod
242 1077 440 1118 habuerit
455 1076 550 1131 quis
567 1090 633 1125 ea,
656 1075 727 1117 sed
748 1076 865 1131 quod
881 1076 945 1117 his
964 1076 1144 1118 honeste
1166 1076 1221 1117 sit
1234 1089 1348 1118 usus.
1382 1077 1498 1118 Nam

104 1134 287 1185 divitiae‚
332 1143 377 1175 et
415 1133 627 1189 potentia,
659 1140 704 1173 et
742 1134 897 1189 gratia,
929 1147 1028 1175 cum
1068 1133 1303 1190 plurimum
1340 1133 1497 1176 virium

104 1191 226 1241 dent,
256 1192 300 1233 in
337 1198 562 1246 utramque
598 1196 766 1247 partem
801 1191 1086 1231 certissimum
1124 1189 1292 1232 faciunt
1328 1205 1501 1233 morum

104 1249 475 1304 experimentum:
509 1254 584 1288 aut
604 1247 721 1288 enim
741 1247 940 1289 meliores
971 1254 1149 1305 propter
1172 1247 1282 1300 haec,
1314 1256 1389 1290 aut
1419 1263 1497 1310 pe·

96 1319 216 1361 Jores
235 1317 394 1346 sumus.
1128 1327 1133 1332 ·

162 1362 311 1402 Animi
332 1375 500 1417 semper
520 1374 621 1401 vera
644 1360 753 1402 laus.
813 1360 900 1402 Sed
933 1375 1021 1403 non
1053 1376 1140 1402 una
1170 1375 1247 1417 per
1281 1360 1366 1404 hoc
1388 1373 1497 1417 opus

105 1419 174 1459 via
202 1419 385 1466 ducitur.
448 1418 649 1472 Namque
681 1418 800 1468 alias,—
831 1419 970 1459 aetatis
1002 1419 1161 1474 gradus
1194 1426 1500 1474 gestarumque

104 1489 244 1517 rerum
268 1477 464 1517 ordinem
487 1474 624 1530 sequi,
647 1475 880 1530 speciosius
904 1475 1054 1526 fuerit3
1079 1483 1127 1516 ut
1148 1475 1189 1516 in
1210 1476 1356 1531 primis
1374 1475 1497 1516 annis

103 1531 351 1574 laudaretur
369 1531 554 1580 indoles,
587 1538 676 1572 tum
701 1531 961 1587 disciplinae,
994 1531 1198 1587 posthoc
1221 1547 1416 1588 operum,
1449 1533 1496 1577 id

102 1597 183 1639 est,
215 1589 426 1631 factorum
461 1588 778 1642 dictorumque,
810 1597 1067 1639 contextus;
1100 1589 1219 1639 alias,
1250 1590 1293 1630 in
1328 1589 1493 1644 specics

103 1646 310 1688 virtutum
349 1644 542 1687 dividere
576 1644 764 1693 laudem,
794 1643 1094 1701 fortitudinis,
1120 1646 1325 1700 justitiae,
1357 1646 1494 1686 conti.-

100 1704 266 1753 uentice,
297 1712 644 1757 caeterarumque,
675 1716 726 1742 ac
748 1701 928 1756 singulis
950 1702 1185 1757 assignare,
1218 1718 1315 1758 quec
1337 1717 1495 1744 secun-

99 1759 203 1801 dum
221 1774 435 1816 quamque
453 1773 597 1799 earum
620 1765 742 1813 gesta
762 1767 904 1800 erunt.
965 1759 1073 1800 Uti-a
1095 1759 1151 1799 sit
1172 1767 1316 1800 autem
1337 1760 1493 1803 harum

99 1818 171 1858 via
210 1817 373 1868 utilior,
402 1831 501 1857 cum
543 1815 724 1856 materia
762 1814 1123 1857 deliberabimus:
1157 1816 1262 1857 dum
1303 1817 1491 1857 sciamus

99 1874 289 1929 gratiora
309 1888 400 1915 esse
423 1872 714 1923 audientibus,
733 1886 830 1926 quae
853 1873 968 1913 solus
990 1873 1101 1928 quis,
1123 1881 1199 1913 aut
1220 1874 1395 1930 primus,
1416 1882 1493 1914 aut

99 1939 215 1973 certe
236 1945 336 1972 cum
363 1930 512 1987 paucis
539 1928 691 1970 fecisse
719 1930 909 1981 dicetur3
942 1931 976 1971 si
997 1930 1101 1985 quid
1124 1938 1334 1985 praeterea
1363 1945 1492 1986 supra

99 2002 219 2044 spem
251 1996 326 2029 aut
365 1986 734 2044 expectationem,
766 1987 986 2045 praecipue
1021 1988 1137 2043 quod
1174 1987 1317 2028 aliena
1344 1989 1491 2048 potius

95 2059 238 2095 causa,
269 2060 399 2101 quam
419 2060 510 2086 sua.

152 2102 358 2158 TempuS,
388 2101 506 2158 quod
538 2101 667 2142 finem
701 2099 891 2141 hominis
924 2099 1178 2156 insequitur,
1210 2116 1295 2142 non
1320 2115 1491 2157 semper

96 2165 281 2200 tractare
311 2159 551 2215 contingit:
584 2173 683 2213 non¹
705 2158 843 2198 solum
876 2158 992 2212 quod
1031 2160 1222 2199 viventes
1255 2158 1488 2214 aliquando

96 2215 338 2266 laudamus,
370 2216 443 2258 sed
466 2215 582 2272 quod
600 2230 694 2256 rara
716 2214 810 2255 haec
831 2214 1004 2255 occasio
1027 2223 1107 2265 est,
1142 2223 1189 2257 ut
1210 2215 1357 2256 referri
1386 2231 1487 2272 pos-

96 2273 183 2314 sint
204 2273 340 2314 divini
361 2273 547 2314 honores
576 2282 620 2313 et
641 2273 832 2321 decreta,
864 2280 912 2312 ut
940 2272 1119 2327 publice
1152 2280 1305 2313 statuae
1326 2275 1495 2314 consti--

97 2338 212 2372 tutae.
273 2330 392 2372 Inter
412 2345 508 2386 quae
531 2329 844 2371 numeraverim
877 2329 1153 2383 ingeniorum
1186 2338 1486 2381 monumenta,

94 2401 193 2441 quae
216 2387 368 2429 seculis
390 2388 688 2443 probarentur.
740 2387 855 2427 Nam
876 2386 1069 2441 quidam,
1092 2387 1202 2430 sicut
1225 2386 1489 2438 Menander,

88 2443 274 2499 justiora
293 2451 579 2499 posterorum,
610 2458 739 2501 quam
760 2458 848 2484 suae
880 2444 1037 2494 aetatis,
1062 2444 1234 2500 ‚iudicia
1255 2453 1356 2485 sunt
1378 2459 1487 2487 con·-

94 2500 248 2541 secuti.

151 2556 353 2598 Afferunt
379 2555 555 2599 laudem
574 2557 697 2599 liberi
720 2558 986 2614 parentibus,
1018 2557 1145 2598 urbes
1166 2557 1484 2618 conditoribus,

93 2610 213 2668 leges
231 2613 454 2664 latoribus,
483 2622 594 2656 artes
625 2616 938 2665 inventoribus,
968 2629 1139 2656 necnon
1160 2615 1355 2655 instituta
1378 2629 1486 2669 quo.-

96 2684 180 2724 que
203 2670 466 2720 auctoribus,
497 2681 546 2712 ut
576 2686 601 2712 a
628 2671 774 2713 Numa
807 2673 1031 2723 traditum,
1062 2672 1167 2713 deos
1192 2671 1351 2723 colere,
1381 2679 1427 2712 et
1459 2686 1485 2714 a

96 2725 342 2777 Publicola,
372 2727 508 2769 fasces
530 2728 691 2784 populo
709 2729 979 2770 submittere.

152 2783 239 2830 Qui
262 2784 401 2827 omnis
417 2785 550 2827 etiam
571 2786 615 2826 in
636 2786 946 2843 vituperatione
963 2784 1071 2827 ordo
1088 2783 1321 2836 constabit,
1338 2791 1486 2841 tamer}

768 2856 800 2889 G
