2015 3341
309 360 408 438 M-
468 366 742 435 FABH
800 316 1439 444 QUINTILIANI

728 552 774 584 IN
797 551 1026 581 ORATORIAE

522 701 680 760 INS
696 699 1231 754 TITUTIONIS

694 863 929 905 L1BRos
968 852 1062 904 XII.

432 1026 468 1068 A
478 1026 516 1067 D
548 1023 947 1068 MARCELLUM'
978 1022 1331 1071 VICTORIUM

702 1176 1062 1211 PROOEMIUM.

191 1501 389 1583 POST
426 1536 702 1592 impetratam
737 1534 889 1576 studiis
913 1534 1019 1576 meis
1048 1534 1257 1589 quietem,
1287 1548 1385 1589 quae
1408 1549 1484 1591 per
1514 1534 1576 1578 vi..

190 1595 305 1649 ginti
341 1608 476 1634 annos
510 1591 760 1633 erudiendis
789 1592 1026 1647 juvenibus
1061 1591 1376 1647 impenderam,
1417 1607 1515 1633 cum
1552 1609 1578 1635 a

190 1665 261 1692 me
284 1651 461 1705 quidam
483 1648 750 1690 familiariter
767 1648 1054 1704 postularent,
1076 1656 1124 1688 ut
1144 1648 1307 1703 aliquid
1335 1648 1387 1688 de
1411 1650 1578 1692 ratione

192 1707 367 1748 dicendi
388 1720 713 1762 componerem,
737 1706 809 1745 diu
834 1720 924 1746 sum
944 1705 1146 1760 equidem
1165 1705 1428 1756 reluctatus3
1460 1706 1579 1761 quod

190 1772 388 1806 auctores
432 1764 654 1818 utriusque
694 1762 856 1818 linguae
897 1762 1156 1803 clarissimos
1196 1776 1284 1802 non
1324 1763 1581 1818 ignorabam

190 1821 330 1862 multa
347 1836 442 1876 quae
461 1820 513 1861 ad
534 1820 618 1861 hoe
633 1834 740 1876 opus
754 1819 1038 1876 pertinerent,
1053 1819 1387 1874 diligentissime
1405 1821 1581 1876 scripta,

188 1878 373 1934 posteris
391 1877 629 1932 reliquisse.
692 1876 776 1917 Sed
793 1892 877 1932 qua
894 1891 976 1932 ego
995 1891 1049 1918 ex
1068 1891 1197 1917 causa
1210 1875 1452 1917 faciliorem
1470 1877 1581 1919 mihi

191 1936 363 1975 veniam
385 1949 494 1976 meae
518 1933 837 1990 deprecationis
860 1934 1098 1974 arbitrabar
1120 1933 1229 1982 fore,
1263 1933 1343 1974 hac
1366 1934 1581 1975 accende-

190 1991 349 2033 bantur
366 1992 604 2046 illimagis3
639 1991 753 2046 quod
779 1992 890 2031 inter
913 1991 1100 2032 diversas
1123 1990 1350 2046 opiniones
1371 1992 1583 2046 priorum,

191 2056 237 2089 et
249 2049 458 2105 quasdam
473 2049 604 2089 etiam
621 2048 732 2088 inter
745 2062 788 2089 se
803 2048 1058 2098 contrarias,
1069 2047 1258 2088 difficilis
1273 2056 1384 2088 esset
1397 2048 1580 2100 electio;

192 2113 242 2147 ut
265 2106 388 2156 mihi,
420 2106 454 2146 si
478 2120 564 2145 non
590 2104 839 2145 inveniendi
872 2120 1001 2156 nova,
1034 2113 1079 2146 at
1109 2115 1227 2146 certe
1256 2105 1486 2160 judicandi
1527 2105 1582 2147 ‹le

191 2163 428 2213 veteribus,
480 2162 708 2217 injungere
748 2161 942 2203 laborem
984 2177 1072 2204 non
1112 2163 1271 2218 injuste
1317 2163 1581 2204 viderentur.

193 2220 405 2266 Quamvis
437 2229 584 2260 autem
617 2233 704 2259 non
738 2227 825 2259 tam
859 2234 928 2260 me
964 2219 1158 2260 vinceret
1194 2219 1427 2276 praestandi
1465 2219 1584 2275 quod

193 2277 456 2332 exigebatur
476 2276 653 2327 fiducia,
685 2291 814 2331 quam
838 2276 1027 2333 negandi
1056 2276 1335 2326 verecundia,
1375 2276 1504 2317 latius
1539 2292 1583 2317 se

195 2340 340 2375 tamen
363 2333 584 2390 aperiente
607 2333 804 2383 materia,
836 2334 932 2390 plus
954 2348 1084 2389 quam
1113 2334 1422 2390 imponebatur
1442 2334 1584 2386 oneris

195 2399 350 2446 sponte
385 2390 582 2447 suscepi3
623 2389 753 2433 simul
791 2401 837 2431 ut
872 2390 1059 2447 pleniori
1095 2391 1308 2445 obsequio
1342 2390 1587 2432 demererer

196 2447 514 2488 amantissimos
547 2448 649 2497 mei,
691 2447 818 2489 simul
858 2462 914 2489 ne
948 2447 1172 2504 vulgarem
1210 2449 1325 2488 viam
1369 2449 1584 2503 ingressus

197 2503 350 2545 alienis
391 2504 567 2546 demum
604 2504 798 2560 vestigiis
832 2503 1090 2549 insisterem.
1152 2504 1265 2546 Nam
1298 2505 1445 2546 caeteri
1479 2505 1587 2554 fere,

197 2561 272 2615 qui
293 2568 428 2602 artem
450 2561 602 2602 orandi
626 2561 760 2602 literis
779 2561 1066 2611 tradiderunt,
1086 2563 1146 2602 ita
1164 2568 1263 2602 sunt
1281 2561 1440 2611 exorsi,
1463 2562 1582 2616 quasi

196 2617 401 2673 perfectis
434 2618 554 2660 omni
587 2618 674 2659 alio
710 2632 869 2674 genere
902 2618 1131 2668 doctrinae,
1164 2633 1376 2659 summam
1412 2619 1454 2659 in
1492 2619 1586 2659 elo-²

195 2673 378 2728 quentia
398 2689 572 2716 manum
590 2675 889 2730 imponerent:
923 2676 1012 2717 sive
1031 2683 1360 2717 contemnentes
1379 2683 1586 2730 tanquam

198 2744 345 2786 parva,
367 2745 465 2785 quae
485 2732 599 2786 prius
617 2732 839 2782 discimus,
861 2733 1031 2783 studia;
1064 2733 1153 2774 sive
1171 2747 1257 2773 non
1277 2733 1329 2773 ad
1348 2746 1472 2773 suum
1490 2746 1588 2788 pers»

198 2787 337 2832 tinere
358 2786 551 2835 officium
567 2788 752 2845 opinati,
773 2789 949 2845 quando
971 2789 1119 2831 divisae
1136 2789 1453 2846 professionum
1469 2789 1585 2842 vices

880 2860 909 2891 B
