2015 3341
487 137 650 167 muns
685 137 838 167 snum„
872 135 1144 166 DISCENDA·
1453 126 1508 165 33

123 228 367 285 temporum
404 237 570 270 servat:
615 238 658 269 et
694 223 789 269 haec
821 227 982 282 pariter
1013 225 1174 268 omnia.
1235 223 1381 271 Quid?
1426 235 1507 264 nos

124 287 282 340 agendi
304 286 446 326 subita
468 286 724 327 necessitate
744 284 1017 340 deprehensi,
1040 297 1184 324 nonne
1205 282 1290 323 alia
1305 281 1508 330 dicimus,

124 343 206 382 alia
240 343 542 398 providemus3
590 358 689 383 cuin
726 344 884 397 pariter
920 340 1113 382 inventio
1149 354 1306 388 rerum,
1346 338 1506 379 electio

123 400 368 450 verborum,
400 399 676 455 compositio,
709 407 869 454 gestus,
894 396 1208 453 pronuntiatio,
1229 395 1388 445 vultus,
1410 409 1508 434 mo-

123 463 275 510 tusque
307 456 631 497 desiderentur?
679 457 790 502 Quae
812 456 844 496 si
868 455 987 495 velut
1007 455 1085 494 sub
1108 468 1195 494 uno
1228 459 1388 494 conatu
1417 458 1507 493 tam

122 512 291 554 diversa
313 523 465 568 parent
486 513 629 562 simul,
661 527 736 553 cur
755 527 840 552 non
861 511 1054 567 pluribus
1076 510 1192 551 horis
1218 510 1387 550 diversa
1406 522 1507 563 par-

124 569 296 620 tiamur,
317 585 416 611 cum
437 570 671 625 pracsertim
689 568 854 609 reficiat
875 568 1042 608 animos
1064 583 1114 608 ac
1133 576 1302 622 reparet
1322 565 1506 607 varietas

122 625 230 681 ipsa,
261 634 496 681 contraque
515 627 568 666 sit
589 626 811 680 aliquanto
829 624 1044 665 difficilius
1067 625 1111 664 in
1133 624 1280 664 labore
1303 637 1389 663 uno
1408 637 1507 677 per-

121 685 342 723 severare?
394 683 499 723 Ideo
532 690 576 722 et
609 682 745 736 stylus
779 681 968 722 lectione
1003 680 1250 735 requiescit,
1293 687 1336 720 et
1372 679 1508 734 ipsius

119 738 318 780 lectionis
336 740 516 780 taedium
535 739 701 779 vicibus
720 738 899 779 levatur.
942 737 1198 783 Quamlibet
1212 736 1350 776 multa
1366 736 1508 790 egeri-

119 811 230 846 mus,
262 796 451 851 quodam
485 805 627 836 tamen
657 794 788 835 modo
822 801 1017 835 recentes
1046 807 1190 834 sumus
1223 792 1277 833 ad
1309 792 1353 833 id
1386 792 1507 846 quod

120 852 366 908 incipimus.
428 852 536 897 Quis
565 866 653 892 non
675 852 859 893 obtundi
884 851 1034 906 possit,
1065 850 1098 890 si
1122 864 1198 906 per
1225 856 1366 890 totum
1389 849 1509 891 diem

119 910 414 965 cujuscunque
432 909 533 950 artis
555 922 689 949 unum
710 909 964 964 magistrum
981 905 1118 949 ferat?
1164 906 1416 948 bffutatione
1439 920 1506 946 re·-

119 967 360 1007 creabitur:
406 967 518 1007 sicut
548 965 590 1005 in
624 965 759 1015 cibis;
806 979 991 1021 quorum
1027 963 1278 1005 diversitate
1313 962 1506 1005 reficitur

119 1023 382 1073 stomachus,
414 1031 458 1063 et
480 1022 671 1078 pluribus
694 1022 861 1063 minore
883 1021 1058 1062 fastidio
1080 1020 1224 1063 alitur.

174 1080 263 1120 Aut
280 1081 428 1120 dicant
446 1081 514 1120 isti
533 1079 655 1129 mihi,
673 1094 769 1134 quae
788 1079 841 1120 sit
861 1079 947 1119 alia
962 1078 1071 1119 ratio
1090 1077 1314 1120 discendi?
1345 1076 1506 1118 Gram-

117 1138 280 1178 matico
303 1137 382 1178 soli
401 1137 706 1186 deserviamus,
729 1135 888 1177 deinde
907 1145 1142 1191 geometrae
1161 1137 1356 1177 tantum?
1377 1135 1508 1176 omit-

120 1200 258 1235 tamus
288 1194 459 1236 inu-:rim
487 1194 603 1249 quod
635 1194 883 1244 didicimus,
917 1207 1020 1234 mox
1044 1199 1309 1233 transeamus
1331 1193 1383 1233 ad
1409 1207 1505 1233 mu-

118 1251 283 1292 sicum?
303 1251 511 1292 excidunt
528 1251 695 1307 priora?
717 1258 873 1292 etcum
890 1250 1053 1291 Latinis
1071 1250 1338 1291 studebimus
1356 1249 1507 1299 literis,

117 1323 202 1349 nou
243 1309 519 1364 respiciamus
556 1307 610 1348 ad
643 1307 849 1349 Graecas?
881 1314 926 1348 et
953 1314 1002 1348 ut
1033 1306 1166 1348 semel
1197 1306 1363 1357 finiam,
1394 1306 1507 1348 nihii

118 1365 328 1407 faciainus
351 1365 429 1406 nisi
451 1365 758 1406 novissimum?
800 1364 888 1406 Cur
902 1379 989 1405 non
1010 1364 1123 1405 idem
1144 1364 1371 1405 suademus
1391 1365 1506 1419 agri-

116 1423 242 1472 colis,
275 1437 328 1463 nc
364 1437 464 1463 arva
499 1422 643 1472 simul,
686 1430 730 1462 et
764 1421 924 1472 vineta,
956 1429 1002 1462 et
1036 1421 1169 1471 oleas,
1201 1428 1246 1462 et
1282 1422 1505 1463 arbustum

115 1479 289 1520 colant?
319 1493 373 1520 ne
398 1479 544 1535 pruLIS,
576 1487 620 1520 et
655 1479 897 1534 pecoribus,
928 1489 972 1520 et
1005 1478 1158 1529 hortis,
1190 1488 1234 1519 et
1259 1478 1504 1520 alvearibus

118 1536 454 1577 accommodent
483 1537 658 1577 curam?
704 1535 793 1576 Cur
814 1536 893 1590 ipsi
917 1536 1079 1590 aliquid
1103 1535 1345 1577 forensibus
1367 1551 1507 1592 nego-

117 1595 202 1643 tiis,
233 1593 392 1648 aliquid
418 1593 641 1634 desideriis
672 1592 927 1642 amicorum,
959 1593 1122 1647 aliquid
1152 1593 1392 1634 rationibus
1424 1594 1506 1634 do-

114 1651 321 1700 mesticis,
337 1650 499 1704 aliquid
519 1664 632 1690 curae
648 1650 856 1705 corporis,
873 1649 1073 1690 nonnihil
1086 1649 1382 1704 voluptatibus
1396 1664 1506 1705 quo-

117 1707 222 1748 tidie
245 1707 422 1748 damus?
451 1720 632 1763 quarum
655 1721 732 1746 nos
751 1721 835 1747 una
852 1720 917 1747 res
932 1706 1140 1762 quaelibet
1158 1706 1264 1748 nihil
1288 1707 1506 1748 intermit-

116 1773 254 1806 tentes
272 1764 489 1820 fatigaret.
521 1764 646 1805 Adeo
665 1763 835 1804 facilius
852 1772 917 1804 est
934 1763 1071 1805 inulta
1087 1763 1246 1813 facere,
1268 1779 1397 1819 quam
1411 1764 1503 1806 diu.

171 1821 287 1862 Illud
323 1821 498 1877 quidem
537 1822 715 1862 minime
739 1820 975 1861 verendum
995 1829 1076 1871 est,
1110 1835 1164 1862 ne
1187 1821 1381 1863 laborem
1413 1827 1506 1863 stu-

113 1877 284 1920 diorum
306 1878 425 1934 pueri
449 1877 669 1920 difficilius
699 1876 900 1918 tolerent.
961 1877 1114 1934 Neque
1136 1879 1254 1919 enim
1281 1878 1369 1919 ulla
1397 1886 1502 1920 fetas

112 1936 254 1977 miuus
277 1935 500 1991 fatigatur.
561 1935 727 1977 Mirum
761 1936 816 1975 sit
844 1934 1050 1986 forsitam
1083 1935 1156 1977 sed
1191 1936 1502 1991 experimentis

112 1992 428 2048 deprehendas.
491 1992 603 2034 Nam
620 2001 665 2034 et
686 1992 895 2033 dociliora
917 2000 1017 2033 sunt
1039 1993 1229 2048 ingenia,
1253 1993 1502 2048 priusquam

113 2050 425 2091 obduruerunt.
487 2050 536 2091 Id
560 2049 626 2090 vel
664 2049 749 2090 hoc
783 2058 1040 2105 argumento
1074 2058 1209 2106 patet,
1239 2050 1354 2105 quod
1390 2052 1505 2097 intra

112 2107 337 2148 biennium
361 2122 492 2163 quarn
521 2108 650 2148 verba
672 2116 788 2148 recte
812 2105 996 2148 formare
1017 2117 1270 2163 potuerunt,
1302 2108 1500 2163 quamvis

112 2164 232 2206 nullo
269 2165 472 2215 instante,
509 2165 657 2205 onmia
691 2162 780 2205 fere
816 2163 1069 2219 loquuntur.
1126 2164 1187 2205 At
1222 2167 1283 2217 (1)
1324 2164 1501 2215 novitiis

112 2223 268 2264 nostris
291 2237 366 2278 per
395 2231 504 2277 quot
534 2237 671 2262 anuos
700 2236 839 2261 sermo
866 2221 1041 2262 Latinus
1062 2224 1299 2278 repugnat?
1350 2221 1502 2277 Magis

114 2278 237 2329 scias,
270 2280 304 2319 si
330 2293 458 2335 quern
481 2279 575 2335 jam
608 2279 833 2320 robustum
867 2279 1093 2320 instituere
1130 2279 1263 2320 literis
1296 2281 1499 2334 coeperis,

114 2349 199 2376 non
223 2336 314 2377 Sine
333 2351 463 2378 causa
483 2336 570 2376 dici
598 2338 654 2389 (Q)
680 2336 909 2385 ωαιδομαθεῖς
938 2351 1028 2387 eos,
1061 2335 1133 2391 qui
1153 2337 1193 2377 in
1215 2351 1289 2377 sua
1306 2336 1497 2391 quidque

111 2403 203 2434 arte
236 2393 401 2449 optime
435 2393 614 2435 faciant.
676 2394 732 2435 Et
773 2393 1009 2449 patientior
1043 2401 1109 2434 est
1147 2393 1307 2434 laboris
1344 2400 1500 2435 natura

113 2449 255 2505 pueris
274 2465 401 2505 quam
416 2450 666 2505 juvenibUS.
726 2450 962 2501 Videlicet,
992 2458 1042 2491 ut
1059 2465 1243 2507 corpora
1265 2449 1497 2491 infantium

113 2521 193 2547 nec
216 2521 338 2548 casus
359 2522 445 2562 quo
468 2507 511 2549 in
544 2516 699 2548 terram
737 2509 865 2549 toties
902 2508 1154 2549 deferuntur
1188 2516 1276 2548 tam
1309 2507 1498 2562 graviter

112 2564 284 2619 affligit,
312 2577 392 2605 nec
428 2563 504 2604 illa
539 2579 615 2620 per
646 2580 799 2606 manus
832 2573 876 2606 et
897 2580 1039 2620 genua
1059 2566 1263 2621 reptatio,
1294 2579 1374 2604 nec
1399 2571 1498 2619 post

110 2620 242 2662 breve
264 2628 434 2678 tempus
451 2621 648 2663 continui
667 2621 799 2673 lusus,
822 2632 865 2664 et
882 2623 1015 2664 totius
1030 2621 1116 2665 diei
1131 2623 1373 2672 discursu÷3
1396 2621 1498 2676 quia

155 2754 206 2792 (i)
234 2752 345 2783 Neritii
361 2756 438 2783 sunt
454 2754 537 2784 servi
556 2754 670 2785 noviter
685 2755 737 2786 vel
756 2760 903 2787 recenter
920 2758 1034 2798 empti.

95 2826 98 2829 ,
153 2798 204 2838 (2)
228 2798 292 2830 Qui
309 2807 328 2827 a
346 2797 452 2837 prima
469 2798 542 2829 iude
559 2799 704 2838 pueritia
719 2799 916 2830 didicerunt.

790 2855 821 2883 D
