2015 3341
686 112 748 142 ne
778 98 1034 142 ‘mutuorum
1475 100 1557 142 325

218 205 377 248 Verum
402 209 505 248 etin
531 205 611 256 his,
642 221 738 262 quae
773 207 1036 260 scripsimus,
1068 197 1408 258 complectendis
1439 195 1551 237 mul=

162 268 252 304 tuin
279 265 438 314 valent,
470 273 513 304 et
537 265 575 304 in
603 265 668 313 iis,
702 278 797 318 quae
827 264 1084 318 cogitamuS,
1118 256 1393 299 continendis
1417 267 1551 308 prope

159 319 282 369 solae,
306 330 505 377 excepta,
527 336 623 376 qua:
643 321 865 375 potissima
887 331 966 367 est,
984 315 1312 360 exercitatione,
1335 310 1490 352 divisio
1508 319 1552 349 et

160 378 434 431 compositio.
498 379 626 427 hain,
660 378 732 432 qui
765 384 881 416 recte
906 375 1114 423 diviserit,
1146 383 1365 423 nunquam
1392 367 1550 422 poterit

159 431 202 473 in
228 447 364 473 rerum
391 435 542 475 ordine
566 448 721 478 errare.
783 433 913 474 Certa
940 440 1040 473 sunt
1069 429 1201 477 enim,
1227 440 1319 466 ‘non
1344 425 1479 465 solum
1505 423 1549 462 in

159 487 407 543 digerendis
425 491 752 546 quaestionibus,
775 489 993 529 sedetiam
1013 489 1053 528 in
1068 482 1349 539 exequendis,
1368 479 1550 521 simodo

158 555 275 586 recte
298 547 498 596 dicimus,
529 548 667 602 prima
689 562 738 587 ac
771 546 975 594 secunda,
1007 552 1050 584 et
1072 543 1303 596 deinceps:
1335 537 1550 579 coliaeret-

157 616 241 656 que
261 604 400 644 omnis
425 619 562 644 rerum
585 604 824 659 copulatio,
857 611 905 642 ut
932 603 969 642 ei
993 600 1101 641 nihil
1137 612 1217 638 nec
1239 595 1431 636 subtrahi
1455 593 1548 633 sine

156 659 388 701 manifesto
407 660 651 708 intellectu,
684 674 762 699 nec
785 659 910 699 inseri
934 658 1083 714 possit.
1143 656 1211 695 An
1231 667 1331 692 vero
1350 649 1549 691 Scaevolu.

155 715 198 755 in
222 715 313 756 lusu
338 716 570 757 duodecim
593 717 867 770 scriptorum,
884 731 979 755 cuin
1000 715 1114 769 prior
1136 709 1352 751 calculum
1372 720 1546 763 promo-

158 772 302 822 visset,
330 780 530 828 essetque
569 775 723 822 victus,
755 772 856 811 dum
894 786 962 811 rus
997 770 1154 817 tendit,
1187 766 1374 820 repetito
1412 763 1545 804 totius

154 829 401 869 certaminis
423 829 590 879 ordine,
622 843 708 884 quo
743 828 846 868 dato
880 834 1077 875 errasset,
1120 823 1384 870 reeordatus,
1418 819 1549 860 rediit

154 885 207 925 ad
232 899 330 926 eum
353 887 528 940 quicum
555 884 727 934 luserat,
761 886 881 939 isque
916 884 975 923 ita
1008 884 1168 923 suctum
1201 894 1293 920 esse
1325 877 1547 918 confessus

152 949 241 992 est3
276 943 416 982 minus
437 943 552 984 idem
575 942 682 982 ordo
705 941 868 981 valebit
900 941 940 981 in
972 940 1184 986 oratione,
1218 935 1456 992 praesertim
1480 939 1548 972 to-

154 1005 222 1038 tus
256 1007 403 1039 nostro
436 999 615 1040 arbitrio
649 999 924 1047 constitutus,
956 1012 1053 1037 cuin
1093 1003 1259 1035 tantum
1297 991 1368 1031 ille
1405 989 1548 1030 valeat

151 1054 369 1097 alternus?
402 1053 542 1097 Etiam
573 1072 672 1111 quae
706 1057 816 1097 bene
848 1054 1089 1110 composita
1120 1058 1261 1100 erunt,
1294 1047 1545 1088 memoriam

153 1113 262 1153 serie
293 1128 368 1153 sua
400 1113 584 1155 ducent:
617 1127 732 1163 nam,
764 1113 878 1152 sicut
919 1111 1090 1152 facilius
1127 1107 1284 1149 versus
1308 1105 1546 1145 ediscimus

151 1183 281 1223 quam
307 1184 475 1224 prosam
499 1171 757 1218 orationem,
789 1170 849 1210 ita
877 1183 1043 1223 prosam
1071 1167 1274 1213 vinctam,
1307 1177 1434 1216 quam
1457 1161 1545 1200 clis-

138 1226 350 1282 solutam.
412 1228 483 1268 Sic
517 1227 750 1282 contingit,
785 1236 830 1267 ut
851 1227 980 1265 etiam
1004 1238 1101 1279 quae
1124 1237 1177 1263 ex
1203 1230 1397 1276 tempore
1423 1218 1546 1259 vide·-

155 1285 309 1325 bantur
329 1283 478 1336 effusa,
512 1285 565 1325 ad
593 1286 768 1325 verbum
793 1283 976 1337 repetita
999 1280 1255 1321 redduntur:
1290 1275 1405 1331 quod
1432 1289 1539 1315 meae

147 1355 320 1395 quoque
339 1342 685 1382 mediocritatem
705 1339 922 1381 memoriae
942 1339 1216 1393 sequebatur,
1238 1332 1461 1388 siquando
1482 1333 1543 1372 in·

151 1404 367 1438 terventus
389 1398 644 1453 aliquorum,
676 1399 749 1453 qui
784 1397 899 1437 bunc
919 1395 1128 1435 honorem
1150 1398 1430 1438 mererentur,
1463 1390 1543 1430 ite-

149 1468 240 1494 rare
265 1455 591 1495 declamationis
622 1464 786 1510 partem
815 1453 1046 1507 coegisset.
1108 1450 1204 1492 Nec
1226 1459 1290 1490 est
1310 1445 1540 1487 mendacio

148 1510 285 1569 locrus,
318 1511 443 1553 salvis
465 1513 535 1567 qui
561 1512 862 1553 iuterfuerunt.

207 1569 250 1609 Si
274 1568 369 1624 quis
388 1579 528 1609 tamen
547 1584 674 1609 unum
693 1565 1015 1621 maximamque
1032 1581 1055 1606 a
1074 1579 1143 1606 me
1160 1569 1291 1603 artem
1316 1559 1537 1601 memoriae

146 1633 322 1679 qtiae1·at,
356 1627 612 1666 exercitatio
635 1633 715 1676 est,
747 1635 791 1666 et
826 1624 966 1664 labor:
1003 1623 1137 1663 multa
1158 1620 1368 1667 ediscere,
1401 1617 1539 1657 multa

146 1683 356 1737 cogitare,
387 1691 447 1730 et,
480 1683 512 1724 si
531 1683 618 1723 lieri
644 1689 803 1738 potest,
835 1680 1047 1735 quotidie,
1080 1675 1429 1734 potentissimum
1454 1682 1535 1715 est.

146 1737 271 1779 Nihil
291 1753 414 1794 aeque
438 1740 500 1780 vel
533 1749 715 1795 augetur
747 1754 865 1787 cura,
900 1737 964 1776 vel
999 1734 1269 1792 negligentia
1300 1730 1539 1773 intercidit.

144 1795 290 1842 Quare
305 1806 348 1836 et
364 1797 481 1852 pueri
498 1798 660 1846 statim,
684 1807 730 1837 ut
747 1794 950 1852 praecepi,
970 1808 1098 1848 quam
1120 1791 1302 1848 plurima
1316 1788 1535 1829 ediscant:

135 1860 188 1895 ‚et
224 1869 495 1908 quaeeunque
532 1862 635 1894 aetas
673 1867 845 1909 operam
881 1850 1092 1906 juvandae
1135 1847 1278 1890 studio
1321 1846 1536 1886 memor-im

143 1910 281 1960 dabit,
313 1910 491 1951 devoret
513 1911 637 1951 initio
660 1911 836 1951 taedium
861 1908 967 1948 illud
1001 1916 1044 1948 et
1067 1907 1225 1962 scripta
1246 1911 1291 1943 et
1311 1902 1424 1944 lecta
1452 1917 1532 1942 sec-

144 1967 238 2022 pius
275 1967 543 2018 revolvendi,
575 1978 619 2008 et
659 1968 779 2022 quasi
818 1965 1002 2006 eundem
1047 1965 1194 2004 cibum
1231 1957 1532 2002 remandendi.

144 2024 273 2070 Quod
294 2025 430 2080 ipsum
452 2025 534 2066 hoc
556 2024 646 2065 fieri
670 2033 816 2079 potest
838 2023 990 2070 levius,
1024 2022 1056 2061 si
1093 2033 1230 2076 pauca
1263 2019 1464 2075 primum,
1488 2023 1533 2056 et

140 2096 234 2135 quae
252 2083 428 2122 taedium
452 2097 536 2122 non
556 2082 752 2132 afferunt,
776 2081 1038 2136 coeperimus
1060 2079 1273 2118 ediscere:
1308 2083 1396 2114 tum
1422 2088 1531 2127 quo-2

144 2138 249 2179 tidie
291 2139 479 2194 adjicere
518 2139 710 2195 singulos
749 2152 908 2186 vers'uS,
939 2150 1120 2190 quorum
1163 2132 1351 2175 accessio
1390 2130 1530 2170 labori

143 2210 311 2236 sensum
337 2197 591 2237 incrementi
613 2210 698 2237 non
722 2195 887 2243 afferat,
920 2194 961 2233 in
986 2206 1197 2233 summam
1226 2189 1278 2230 ad
1311 2187 1529 2229 infinitum

142 2266 276 2306 usque
309 2254 547 2308 perveniat:
580 2263 624 2293 et
649 2253 818 2309 poetica
842 2251 973 2307 priuS,
1008 2260 1098 2289 tum
1119 2258 1353 2293 oratorum,
1385 2243 1530 2284 novis-

141 2309 248 2349 sime
269 2310 397 2350 etiam
417 2309 621 2350 solutiora
637 2309 844 2357 numeris,
876 2316 920 2347 et
940 2307 1076 2362 magis
1093 2306 1146 2345 ab
1169 2318 1244 2345 usu
1264 2301 1439 2343 dicendi
1462 2314 1530 2340 re-

142 2373 276 2415 mota,
304 2366 447 2421 qualia
465 2376 562 2407 sunt
579 2365 1014 2422 jurisconsultorum;
1049 2362 1295 2404 difficiliora
1317 2359 1430 2399 enim
1451 2357 1527 2399 de-

139 2422 245 2463 bent
261 2437 351 2463 esse
373 2438 467 2478 quae
487 2433 703 2473 exercent,
723 2423 809 2478 quo
831 2423 885 2463 sit
907 2421 1045 2461 levius
1067 2421 1205 2475 ipsum
1224 2416 1327 2458 illud
1353 2415 1395 2456 in
1410 2414 1527 2469 quod

139 2487 366 2521 exercent:
399 2490 446 2520 ut
480 2479 656 2521 atliletae
691 2479 956 2535 ponderibus
992 2476 1205 2533 plumbeis
1238 2472 1528 2515 assuefaciunt

140 2551 308 2585 manus,
337 2536 492 2591 quibus
511 2538 654 2577 vacuis
677 2546 720 2577 et
741 2536 866 2577 nudis
896 2535 937 2574 in
962 2535 1196 2575 certamine
1217 2529 1425 2572 utendum
1446 2538 1524 2569 est.

141 2592 244 2634 Non
265 2594 462 2633 omittam
483 2594 630 2642 etiam,
660 2593 776 2647 quod
806 2591 1069 2648 quotidianis
1102 2585 1418 2644 experimentis
1451 2584 1527 2624 ‹le-

139 2649 439 2704 prehenditur,
470 2651 647 2691 minime
666 2650 839 2691 fidelem
862 2663 953 2689 esse
973 2647 1101 2703 paulo
1125 2644 1383 2686 tardioribus
1405 2642 1528 2696 inge-

140 2707 278 2760 geniis
311 2716 529 2747 recentem
561 2707 829 2748 memoriam.
891 2705 1057 2745 Mirum
1098 2703 1215 2744 dictu
1253 2709 1334 2750 est,
1364 2711 1446 2739 nec
1481 2697 1527 2738 in

140 2769 313 2820 promtu
336 2764 463 2817 ratio,
495 2772 703 2820 quantum
727 2778 812 2808 nox
833 2761 1089 2818 interposita
1115 2759 1266 2804 afferat
1284 2754 1527 2800 firmitatis:

788 2834 816 2860 Y
852 2825 875 2861 3
