2015 3341
733 192 796 226 DE
831 191 1049 226 senon&
1531 186 1580 228 13

195 285 336 330 bonus
374 289 536 346 majore
570 304 614 331 se
650 291 791 341 turba,
822 305 949 346 quam
988 297 1036 330 ut
1073 289 1281 330 sustinere
1313 302 1406 330 eam
1429 289 1580 345 possit,

198 348 463 398 oneraverit3
514 355 557 389 et
596 348 640 388 in
680 349 826 403 primis
867 362 917 388 ea
959 347 1158 387 habenda
1198 361 1300 387 cura
1335 354 1415 396 est,
1462 354 1510 387 ut
1546 348 1581 387 is

197 404 377 444 omnino
415 404 490 444 fiat
523 407 584 458 (l)
621 406 742 445 nobis
775 404 1043 445 familiariter
1065 405 1254 455 amicus;
1287 417 1366 444 nec
1388 402 1581 444 officium

197 458 241 499 in
266 459 466 501 docendo
488 468 670 516 spectet,
702 461 772 502 sed
799 461 1019 501 affectum.
1080 460 1150 501 Ita
1178 475 1396 515 nunquam
1423 460 1581 501 erimus

197 516 243 555 in
267 519 406 558 turba.
467 518 560 558 Noc
583 532 683 558 saue
704 519 946 573 quisquam,
979 517 1112 557 literis
1133 516 1282 558 saltem
1312 516 1465 557 leviter
1500 517 1582 556 im·

197 571 342 623 butus,
389 588 487 614 eum
525 575 566 615 in
604 589 689 629 quo
724 575 914 615 studium
951 575 1259 630 ingeniumque
1297 574 1595 633 perspexerit,

196 642 288 670 non
323 631 366 671 in
400 645 519 670 suam
552 645 722 685 quoque
753 631 936 685 gloriam
961 631 1234 685 peculiariter
1256 630 1436 671 fovebit.
1497 631 1582 674 Sed

199 692 247 725 ut
267 684 486 742 fugiendae
511 687 596 727 sint
620 701 787 744 magna]
811 687 991 736 scholae,
1023 688 1111 739 (cui
1135 702 1187 726 ne
1210 688 1300 742 ipse
1325 688 1500 741 quidem
1521 689 1580 728 rei

197 743 421 792 assentior,
451 743 485 783 si
510 743 562 784 ad
595 742 782 797 aliquem
814 744 968 783 merito
996 744 1285 794 concurritur)
1323 758 1407 784 non
1435 752 1580 785 tamen

197 797 282 839 hoc
303 813 356 839 eo
380 799 508 848 valet,
541 806 588 840 ut
622 799 842 854 fugiendae
878 801 964 840 sint
995 801 1172 840 omnino
1209 799 1388 841 scliolae.
1447 801 1582 844 Aliud

197 862 263 894 est
283 856 399 895 enim
421 856 556 896 vitare
575 870 661 905 eas,
691 856 807 897 aliud
830 855 1007 911 eligere.

255 910 313 951 Et
347 916 409 965 (2)
440 914 472 952 si
506 913 784 954 refutaximus
820 928 916 968 quae
953 920 1105 953 contra
1137 912 1356 961 dicuntur,
1379 913 1473 969 jam
1506 929 1582 955 ex-

196 966 407 1022 plicemus
451 969 553 1024 quid
601 969 682 1024 ipsi
728 984 970 1024 sequamur.
1048 969 1165 1010 Ante
1205 971 1367 1021 omnia,
1413 972 1580 1012 futurus

196 1033 358 1074 orator,
389 1026 458 1066 cui
483 1026 524 1066 in
546 1027 738 1066 maxima
759 1027 1009 1074 celebritate
1033 1035 1077 1067 et
1097 1027 1139 1066 in
1165 1026 1307 1067 media
1328 1028 1581 1082 reipublicae

196 1079 295 1122 luce
318 1082 547 1123 vivendum
571 1090 651 1132 est,
683 1094 899 1124 assuescat
922 1084 1016 1138 jam
1039 1099 1063 1124 a
1083 1093 1232 1123 tenero
1265 1099 1348 1124 non
1384 1085 1581 1125 reformi-

196 1137 299 1179 dare
323 1138 535 1189 homines,
569 1154 706 1195 neque
729 1140 804 1181 illa
824 1140 1016 1181 solitaria
1035 1151 1080 1180 et
1101 1140 1220 1180 velut
1242 1141 1460 1181 umbratili
1492 1144 1583 1184 vita

196 1195 449 1250 pallescere.
509 1196 755 1238 Excitanda
784 1212 906 1238 mens
941 1206 986 1238 et
1018 1197 1258 1237 attollenda
1288 1212 1457 1254 semper
1488 1211 1580 1251 est;

195 1266 293 1306 quae
331 1253 374 1293 in
414 1253 659 1308 hujusmodi
696 1255 871 1295 secretis
903 1262 977 1295 aut
1009 1254 1267 1309 languescit,
1299 1263 1344 1295 et
1363 1257 1584 1310 quendam.

197 1309 317 1350 velut
353 1310 396 1350 in
433 1325 571 1365 opaco
608 1311 738 1352 situm
771 1311 918 1363 ducit3
949 1319 1024 1352 aut
1055 1321 1207 1352 contra
1238 1313 1441 1354 tumescit
1462 1314 1581 1355 inani

197 1367 499 1422 persuasione:
532 1383 706 1408 necesse
743 1375 808 1408 est
843 1369 956 1409 enim
992 1369 1074 1409 sibi
1098 1368 1277 1409 nimium
1300 1369 1476 1421 tribuat,
1506 1371 1581 1426 qui

198 1437 242 1463 se
284 1423 446 1464 nemini
488 1433 726 1480 comparat.
805 1424 993 1475 Deinde,
1044 1441 1143 1466 cum
1184 1426 1443 1481 proferenda
1482 1436 1582 1468 sunt

196 1479 355 1529 studia,
387 1480 550 1536 caligat
587 1484 628 1522 in
666 1482 772 1532 sole,
805 1491 849 1522 et
880 1484 1026 1523 omnia
1062 1497 1174 1523 nova
1206 1483 1407 1535 offendit,
1438 1485 1581 1539 utqui

197 1536 312 1577 solus
334 1537 551 1587 didicerit,
583 1539 698 1594 quod
722 1540 834 1580 inter
854 1540 1013 1580 multos
1032 1538 1280 1580 faciendum
1304 1548 1383 1581 est..

255 1593 393 1634 Mitto
415 1595 642 1645 amicitias,
672 1611 768 1651 quae
790 1596 842 1636 ad
866 1605 1134 1637 senectutem
1171 1612 1304 1651 usque
1338 1598 1580 1639 firmissime

196 1648 369 1700 durant,
401 1651 604 1707 religiosa
624 1653 810 1707 quadam
833 1653 1150 1694 necessitudine
1170 1654 1363 1695 imbutae.
1426 1655 1581 1710 Neque

195 1706 312 1748 enim
335 1715 398 1749 est
419 1709 607 1750 sanctius
626 1710 756 1750 sacris
776 1710 945 1760 iisdem,
976 1725 1105 1766 quam
1125 1711 1277 1751 studiis
1300 1712 1475 1754 initiari.

253 1764 435 1806 Sensum
458 1769 522 1817 (3)
545 1767 701 1822 ipsum,
731 1767 803 1821 qui
841 1768 1082 1808 communis
1119 1767 1294 1817 dicitur,
1326 1769 1398 1809 ubi
1423 1768 1578 1819 discet,

196 1834 296 1861 cum
319 1836 362 1863 se
383 1837 408 1862 a
428 1837 678 1879 congressu,
700 1825 770 1879 qui
797 1839 880 1864 non
905 1823 1153 1864 hominibus
1177 1824 1330 1875 solum,
1353 1825 1427 1867 sed
1451 1827 1581 1867 mutis

195 1892 366 1933 quoque
388 1880 645 1921 animalibus
668 1881 872 1922 naturalis
893 1889 972 1930 est,
1004 1882 1268 1937 segregarit?

251 1934 395 1987 Adde,
431 1938 547 1991 quod
585 1937 703 1978 domi
739 1952 790 1977 ea
827 1938 919 1979 sola
955 1938 1120 1979 discere
1157 1945 1315 1993 potest,
1362 1955 1458 1995 quae
1500 1940 1581 1995 ipsi

195 1993 527 2047 pi·aecipientur;
562 1994 603 2035 in
623 1994 786 2044 schola,
819 1996 949 2035 etiam
971 2011 1067 2051 quae
1090 1995 1200 2037 aliis,
1261 1997 1424 2038 Audiet
1445 1998 1583 2039 multa.

194 2049 392 2102 quotidie
427 2053 616 2106 probari,
650 2051 788 2092 multa
822 2053 1007 2107 corrigi:
1056 2052 1246 2108 proderit
1282 2053 1464 2108 alicujus
1501 2056 1582 2095 ob-

186 2104 366 2161 jurgata
393 2107 584 2150 desidia:
621 2108 811 2164 proderit
846 2109 1020 2151 laudata
1051 2109 1283 2151 industria:
1316 2112 1583 2154 excitabitur

195 2162 324 2204 laude
365 2164 611 2206 aemulatioz
664 2173 788 2221 turpe
828 2167 960 2208 (lucet
998 2167 1153 2208 cedere
1194 2168 1300 2223 pari,
1351 2168 1582 2223 pulchrum

194 2234 415 2275 superasse
450 2223 650 2277 majores.
709 2223 972 2265 Acceudunt
1005 2225 1151 2265 onmia
1184 2224 1279 2265 haec
1312 2226 1504 2275 auimos3
1538 2235 1584 2266 et

194 2275 300 2317 licet
337 2277 428 2334 ipsa
464 2279 618 2321 vitium
655 2279 710 2319 sit
744 2282 943 2332 ambitio,
990 2281 1236 2336 frequenter
1274 2290 1417 2322 tamen
1453 2297 1584 2324 causa

194 2334 401 2375 virtutum
437 2345 516 2377 est.
576 2337 676 2377 Non
713 2338 909 2379 inutilem
941 2339 1031 2379 scio
1065 2348 1279 2379 servatum
1314 2353 1405 2379 esse
1427 2354 1451 2379 a
1472 2354 1584 2394 prae-

195 2392 444 2447 ceptoribus
466 2393 572 2434 meis
596 2408 776 2445 morem,
807 2396 896 2450 qui,
929 2411 1028 2436 cuin
1064 2410 1218 2451 pueros
1251 2396 1295 2437 in
1330 2399 1388 2449 (4)
1424 2396 1581 2438 classes

240 2506 290 2544 (1)
314 2506 363 2535 De
380 2506 530 2544 patribus
547 2506 704 2545 loquitur,
725 2505 775 2535 vel
789 2506 829 2535 de
842 2505 961 2543 pueris.
1012 2505 1192 2543 Utrobique.
1209 2513 1324 2534 sensus
1340 2508 1479 2535 constat.
1503 2506 1578 2535 Jan.

196 2550 361 2580 Gebhard.
386 2559 425 2578 ex
451 2551 518 2580 MS.
546 2550 627 2580 Bibl.
656 2550 723 2579 Pal.
750 2549 829 2587 legit
854 2548 1016 2578 omnimodo
1042 2559 1101 2589 pro
1124 2547 1252 2581 omnino.
1283 2549 1320 2578 R.
1369 2549 1420 2578 Ita
1447 2559 1581 2589 quoque

196 2594 360 2624 Gesnerus
377 2593 489 2629 edidit,
515 2594 570 2624 sed
588 2593 729 2630 divisim,
753 2592 939 2623 omnimodo.
964 2593 1003 2622 O.

240 2637 290 2674 (2)
314 2637 355 2666 Et
372 2637 537 2675 qnoniam,
562 2637 586 2667 si
605 2637 739 2676 quidem
757 2636 983 2666 refutavimus.
1010 2635 1051 2664 R.
1100 2635 1192 2664 Male
1209 2635 1294 2672 coni.
1319 2635 1416 2665 Gesn.
1441 2635 1488 2665 sic.
1515 2635 1556 2665 O.

240 2680 290 2718 (ὃ)
315 2680 376 2709 Per
391 2690 506 2710 sensum
523 2691 713 2717 communem,
739 2680 894 2718 intelligit
921 2680 1075 2717 peritiam
1093 2679 1258 2716 quandam
1280 2682 1313 2707 et
1329 2679 1579 2717 experientiam,

196 2731 271 2762 quae
294 2732 334 2752 ex
362 2723 530 2754 hominum
556 2734 733 2763 congressu
761 2723 880 2754 sensim
905 2723 1082 2763 colligitur,
1106 2722 1364 2761 appellaturque
1387 2732 1407 2752 a
1423 2723 1581 2754 Cicerone

195 2765 355 2797 communis
364 2766 533 2806 prudentia.
581 2769 617 2798 T.

180 2808 183 2809 ⁷
240 2810 290 2847 (4)
314 2810 412 2839 Pueri
435 2810 583 2848 ejusdem
610 2811 729 2842 scholae
753 2810 786 2846 in
816 2810 924 2843 vai-ias
952 2811 1085 2845 classes,
1109 2808 1141 2839 id
1170 2812 1218 2838 est
1246 2808 1278 2840 in
1307 2809 1410 2839 varios
1438 2808 1580 2850 ordines,

192 2853 488 2887 distribuebantur.
