2015 3341
460 99 547 143 326
937 117 1038 148 mn.
1069 116 1141 148 xx.
1203 116 1307 148 car.
1339 118 1398 148 ιι.

461 206 552 249 sive
567 209 750 265 quiescit
769 208 894 251 labor
911 208 1000 260 ille,
1031 210 1156 266 cujus
1176 210 1258 253 sibi
1286 211 1378 267 ipsa
1412 210 1610 266 fatigatio
1633 211 1850 259 obstabat,

465 262 555 304 sive
577 273 816 308 maturatur
831 273 960 322 atque
973 267 1274 325 concoquitur,
1299 282 1370 309 seu
1385 267 1627 308 firmissima
1647 268 1737 323 ejus
1755 280 1852 322 pars

464 327 532 359 est
552 322 817 364 recordatio:
850 337 946 376 quae
968 324 1113 364 statim
1135 323 1281 365 referri
1304 339 1388 364 non
1419 333 1635 379 poterant,
1666 331 1850 364 contexe

464 386 595 418 untur
625 389 798 433 postero
833 379 931 427 die;
963 379 1273 436 confirmatque
1306 381 1554 421 memoriam
1594 380 1708 421 idem
1743 377 1850 419 illud

465 439 654 489 tempus,
683 434 802 489 quod
830 449 921 476 esse
950 436 993 477 in
1024 449 1153 478 causa
1173 437 1285 478 solet
1304 437 1552 478 oblivionis,
1616 436 1756 477 Etiam
1780 434 1866 475 illa

463 491 688 547 praevelox
711 490 800 532 fere
817 493 907 533 cito
927 492 1080 543 effluit,
1099 502 1158 543 et,
1180 493 1298 535 velut
1320 493 1518 549 praesenti
1539 492 1682 534 officio
1703 492 1853 533 functa

465 545 576 586 nihil
600 546 875 604 inposterum
895 549 1069 599 debeat,
1090 557 1292 606 tanquam
1316 550 1491 591 dimissa
1513 549 1710 591 discedit.
1756 547 1851 590 Nec

466 609 533 642 est
555 603 728 655 mirum,
759 606 895 662 magis
917 606 1079 647 haerere
1101 607 1263 656 animo,
1293 621 1391 662 quae
1424 605 1584 647 diutius
1601 605 1731 648 affixa
1753 605 1853 645 sint.

468 657 538 700 Ex
576 659 659 701 hac
701 662 972 717 ingeniorum
1002 661 1251 704 diversitate
1286 673 1388 704 nata
1421 663 1636 703 dubitatio
1670 669 1749 711 est,
1783 661 1854 704 Ad

465 717 648 759 verbum
671 718 727 758 sit
747 718 1028 761 ediscendum
1050 719 1246 770 dicturis,
1277 735 1330 760 an
1355 719 1440 762 vim
1475 718 1604 760 modo
1628 733 1767 759 rerum
1789 726 1855 759 at-

467 786 552 828 que
570 774 767 816 ordinem
789 776 1023 833 complecti
1046 777 1147 817 satis
1168 777 1248 818 sit?
1281 777 1335 818 de
1356 791 1442 831 quo
1475 777 1565 817 sine
1597 776 1730 817 dubio
1766 790 1854 816 non

469 838 615 884 potest
649 832 690 872 iu
724 833 969 873 universum
1005 834 1286 889 pronuntiari.
1350 833 1460 874 Nam
1485 834 1515 873 si
1541 833 1746 873 memoria
1768 832 1857 872 suf-

469 885 680 942 fragatur,
713 898 881 945 tempus
916 904 1003 930 non
1035 890 1163 940 desit,
1195 890 1310 931 nulla
1327 904 1396 930 me
1419 889 1547 930 velim
1565 889 1730 945 syllaba
1751 888 1860 929 effu.-

469 944 584 997 giat:
632 945 795 1001 alioqui
836 946 965 987 etiam
1007 948 1191 988 scribere
1232 947 1288 988 sit
1321 961 1648 1002 supervacuum.
1721 945 1858 1000 quue

469 1000 688 1056 praecipue
711 1018 735 1042 a
754 1003 895 1057 pueris
917 1003 1219 1054 obtinendum,
1250 1013 1378 1059 atque
1413 1004 1455 1044 in
1490 1003 1601 1044 hanc
1624 1010 1857 1043 consuetu-

471 1056 617 1098 dinem
647 1059 857 1099 memoria
876 1061 1188 1101 exercitatione
1212 1060 1465 1115 redigenda,
1496 1074 1548 1100 nc
1572 1060 1695 1100 nobis
1718 1059 1856 1099 disca-

467 1127 564 1155 mus
587 1114 826 1170 ignoscere.
887 1116 1078 1171 Ideoque
1100 1124 1141 1156 et
1163 1117 1404 1166 admoneri,
1419 1126 1462 1157 et
1483 1117 1534 1157 acl
1559 1116 1752 1157 libellum
1771 1129 1858 1155 res-

467 1170 632 1226 picere,
667 1172 896 1222 vitiosum3
919 1174 1035 1228 quod
1071 1172 1314 1214 libertatem
1338 1173 1619 1229 negligentiae
1645 1172 1768 1213 facit:
1792 1175 1855 1225 (1)

471 1240 555 1266 nec
576 1227 800 1283 quisquam
825 1243 868 1270 se
891 1244 1041 1286 parum
1061 1231 1411 1286 tenerejudicat,
1440 1230 1556 1284 quod
1588 1244 1641 1270 ne
1671 1229 1750 1270 sibi
1781 1243 1859 1269 cx-

470 1283 589 1323 cidat
612 1298 698 1325 non
732 1285 871 1326 timet.
932 1285 1040 1327 [nde
1074 1287 1336 1343 interruptus
1369 1287 1549 1328 actionis
1584 1287 1785 1341 impetus,
1816 1294 1862 1326 et

468 1340 671 1383 resistens
691 1356 741 1383 ac
756 1341 972 1383 salebrosa
986 1342 1141 1392 oratio,
1160 1353 1203 1385 et
1225 1344 1296 1398 qui
1315 1343 1437 1392 dicit,
1460 1343 1671 1385 ediscenti
1693 1341 1860 1394 similis,

470 1397 602 1438 etiam
623 1412 797 1440 omnem
816 1400 925 1440 bene
939 1401 1195 1455 scriptorum
1212 1401 1392 1455 gratiam
1411 1401 1552 1456 perdit
1566 1400 1632 1440 vel
1650 1401 1732 1441 hoc
1749 1400 1860 1455 ipso,

471 1454 587 1508 quod
614 1455 832 1511 scripsisse
853 1471 897 1497 se
919 1458 1166 1498 confitetur.
1200 1457 1419 1498 Memoria
1439 1465 1581 1498 autem
1605 1456 1707 1499 facit
1729 1457 1858 1498 etiam

470 1512 631 1566 promti
651 1513 815 1568 ingenii
838 1512 1021 1565 famam3
1055 1521 1100 1554 ut
1122 1514 1212 1562 illa,
1244 1529 1342 1569 quae
1375 1514 1574 1564 dicimus,
1606 1528 1694 1555 non
1726 1514 1858 1554 domo

472 1567 685 1618 attulisse,
717 1570 789 1610 sed
825 1569 883 1611 ibi
924 1572 1117 1626 protinus
1153 1572 1352 1612 sumsisse
1388 1571 1630 1613 videamur:
1662 1570 1778 1626 quod
1817 1579 1860 1612 et

472 1625 632 1665 oratori
656 1634 699 1666 et
734 1627 813 1682 ipsi
838 1642 979 1668 causae
1015 1627 1249 1684 plurimum
1282 1628 1474 1679 confert3
1508 1643 1605 1670 nam
1642 1635 1687 1669 et
1722 1628 1859 1683 magis

472 1682 668 1731 miratur,
699 1694 743 1724 et
772 1685 912 1725 minus
946 1684 1071 1725 timet
1095 1684 1252 1740 judex,
1284 1699 1380 1742 quae
1405 1700 1489 1726 uon
1512 1692 1637 1741 putat
1658 1684 1860 1726 adversus

473 1752 517 1778 se
543 1750 792 1795 praeparata.
838 1741 974 1796 quue
999 1742 1040 1781 in
1064 1742 1308 1783 actionibus
1326 1743 1435 1784 inter
1452 1743 1671 1798 praecipua
1690 1756 1860 1783 servan-

474 1795 577 1836 dum
601 1804 680 1846 est,
712 1805 759 1837 ut
779 1798 976 1852 quaedam
1000 1798 1148 1848 etiam,
1181 1814 1276 1855 quae
1300 1800 1464 1854 optime
1486 1799 1721 1848 vinximus,
1739 1797 1860 1840 velut

472 1851 615 1893 soluta
636 1855 930 1904 euunssemusg
963 1863 1022 1904 et,
1051 1856 1347 1911 cogitantibus
1377 1871 1682 1912 nonnunquam
1718 1863 1763 1897 et
1783 1855 1860 1896 du-

471 1909 711 1951 bitantibus
753 1911 927 1960 similes,
978 1927 1170 1967 quaerere
1220 1913 1441 1955 videamur
1480 1927 1577 1968 quae
1620 1912 1859 1956 attulimus.

475 1965 609 2021 Ergo,
641 1967 746 2023 quid
783 1969 838 2009 sit
879 1970 1109 2024 optimum,
1142 1969 1356 2021 nominem
1390 1970 1518 2025 fugit.
1579 1969 1623 2010 Si
1657 1984 1758 2011 vero
1790 1982 1863 2013 aut

473 2025 683 2065 memoria
707 2033 858 2066 natura
874 2025 1019 2067 durior
1036 2026 1133 2075 erit,
1157 2034 1231 2067 aut.
1248 2041 1332 2067 non
1352 2025 1657 2082 suffragabitur
1678 2037 1862 2082 tenipus,

474 2081 606 2122 etiam
627 2081 776 2123 inutile
799 2082 880 2123 erit
896 2081 948 2123 ad
973 2083 1117 2124 omnia
1135 2097 1177 2123 se
1203 2083 1331 2124 verba
1353 2083 1546 2139 alligare,
1578 2097 1674 2124 cum
1699 2083 1863 2125 oblivio

473 2138 601 2179 unius
622 2152 767 2179 eorum
793 2138 1042 2195 cujuslibet,
1073 2147 1146 2179 aut
1169 2139 1408 2181 deformem
1426 2140 1763 2190 haesitationem,
1786 2149 1862 2182 aut

473 2194 607 2236 etiam
630 2195 846 2236 silentium
877 2196 1074 2237 inducat:
1109 2196 1326 2252 tutiusque
1353 2197 1509 2247 multo,
1541 2196 1860 2252 comprehensis

474 2252 621 2292 animo
644 2252 769 2292 rebus
799 2252 916 2307 ipsis,
949 2252 1194 2295 libertatem
1226 2253 1307 2295 sibi
1340 2253 1573 2310 eloquendi
1606 2253 1860 2309 relinquere.

476 2308 589 2349 Nam
611 2316 656 2348 et
689 2309 846 2349 invitus
882 2310 1024 2364 perdit
1044 2310 1223 2366 quisque
1247 2310 1287 2350 id
1313 2311 1427 2366 quod
1451 2311 1643 2366 elegerat
1664 2312 1860 2362 verbum,

474 2380 556 2406 nec
574 2364 702 2406 facile
726 2367 895 2421 reponit
917 2365 1048 2414 aliud,
1080 2366 1182 2408 dum
1207 2367 1266 2416 id,
1288 2368 1404 2422 quod
1425 2367 1668 2423 scripserat,
1691 2369 1860 2422 quaerit.

474 2422 558 2463 Sed
585 2437 637 2463 ne
661 2422 744 2462 hoc
768 2422 943 2477 quidem
967 2423 1148 2465 infirmas
1171 2424 1391 2465 memoriae
1415 2424 1651 2465 remedium
1677 2431 1756 2474 est,
1777 2425 1860 2467 nisi

474 2479 515 2534 in
543 2479 590 2520 iis
612 2479 684 2534 qui
708 2480 788 2520 sibi
817 2479 1065 2522 facultatem
1088 2480 1275 2536 aliquam
1300 2481 1473 2522 dicendi
1494 2496 1547 2523 ex
1571 2489 1765 2536 tempore
1789 2496 1861 2537 pa·

472 2544 691 2578 faverunt.
753 2536 882 2586 Quod
907 2536 939 2578 si
965 2537 1031 2578 cui
1056 2547 1284 2594 utrumque
1306 2538 1509 2589 defuerit,
1541 2538 1644 2580 huic
1662 2539 1861 2580 omittere

519 2648 570 2686 (1)
597 2647 659 2679 Qui
675 2656 738 2676 non
756 2647 912 2681 timetue,
938 2645 1026 2685 quod
1045 2647 1195 2678 dicturus
1212 2652 1271 2684 est,
1289 2647 1348 2677 sibi
1366 2647 1509 2683 excidat,
1527 2646 1695 2687 isjudivat
1711 2657 1745 2676 sc
1761 2647 1792 2678 id
1811 2657 1863 2678 sa-

471 2691 515 2721 tis
534 2696 688 2721 accurate<
705 2691 863 2720 memoria
880 2696 1003 2720 tenere.
1053 2692 1132 2721 Inde
1157 2692 1261 2722 oritur
1283 2691 1485 2730 negligentia
1510 2695 1544 2720 et
1559 2692 1717 2721 securitas
1735 2700 1859 2723 eorum.

473 2736 529 2778 qui
550 2734 598 2765 vel
628 2735 785 2764 adhibent
813 2734 1062 2773 admonitorem,
1089 2736 1140 2766 vel
1165 2736 1205 2767 ad
1223 2735 1372 2767 libellum
1390 2735 1553 2777 respicere
1570 2736 1628 2767 sibi
1646 2735 1858 2776 permittunt:

472 2779 553 2810 nihil
573 2780 654 2809 enim
668 2778 852 2811 timendum
871 2778 1004 2809 hahent.
