2015 3341
530 165 593 196 nn
627 165 823 196 ori-1010
857 160 1198 195 GRAMMATmt.
1504 155 1560 202 19

166 252 358 307 dicium3
389 255 827 310 constituendumque
855 255 899 296 in
932 253 1098 310 primis,
1128 252 1317 308 idipsum
1349 248 1452 306 quid
1483 251 1558 300 sit,

166 313 283 367 quod
302 311 635 353 cousuetudinem
658 327 886 353 vocemus:
919 327 1032 366 quae,
1063 311 1098 350 si
1126 324 1180 350 ex
1203 324 1255 350 eo
1276 308 1392 364 quod
1415 308 1558 364 plures

166 370 334 409 faciunt
364 384 522 410 nomen
552 370 755 425 accipiat,
786 367 1200 425 periculosissimum
1222 366 1344 407 dabit
1365 380 1559 420 praecepe

165 432 276 474 tum,
312 438 399 467 non
441 426 625 467 orationi
659 426 808 476 modo,
845 425 920 466 sed
958 423 1091 480 (quod
1137 424 1275 479 majus
1310 427 1394 474 est)
1440 423 1559 463 vitae.

165 481 296 523 Unde
313 484 430 524 enim
450 491 618 524 tantum
640 483 760 534 boni,
791 488 840 523 ut
858 481 1052 537 pluribus
1083 495 1180 535 quae
1202 487 1321 521 recta
1341 486 1441 520 sunt
1461 479 1558 535 pla-

165 541 323 580 ceant?
373 540 527 596 Igitur,
549 546 597 581 ut
617 539 732 590 velli,
765 546 810 580 et
830 553 1002 579 comam
1023 538 1066 579 in
1095 536 1254 592 gradus
1274 536 1489 592 frangere,
1512 542 1558 576 et

159 595 209 636 'in
235 596 400 638 balneis
423 603 665 652 perpotare‚
684 595 926 652 quamlibet
947 595 1041 636 haec
1062 594 1296 634 invaserint
1316 593 1556 643 civitatem,

164 662 252 694 non
281 654 364 695 erit
395 653 687 704 consuetudo;
720 653 821 708 quia
849 651 958 692 nihil
991 652 1145 691 horum
1173 658 1292 691 caret
1321 650 1558 705 reprehen-

164 710 308 761 sione;
340 717 384 751 at
402 710 594 751 lavamus
615 717 660 750 et
680 709 926 758 tondemur,
949 715 994 748 et
1013 707 1353 749 convivimus‘ex
1371 721 1558 747 eonsue-

165 766 338 818 tudine3
383 767 444 808 sic
484 766 529 806 in
569 765 807 821 loquendo,
848 779 953 814 non,
999 765 1033 804 si
1069 763 1172 818 quid
1216 763 1370 803 vitiose
1407 762 1556 803 multis

163 821 387 874 insederit,
406 837 482 879 pro
500 822 651 877 regula
672 822 881 863 sermonis
897 820 1201 876 accipiendum
1219 820 1315 860 erit.
1377 818 1488 860 Nam
1508 828 1559 860 ut

164 887 378 921 transeam
409 878 777 935 quemadmodum
804 878 939 933 vulgo
961 877 1150 933 imperiti
1181 876 1431 931 loquuntur,
1463 883 1558 916 tota

163 948 279 992 saepe
305 936 488 986 theatra,
510 943 556 976 et
576 950 750 976 omnem
771 935 875 976 circi
900 936 1069 976 turbam
1089 933 1356 976 exclamasse
1375 932 1556 973 barbare

164 994 339 1035 scimus.
399 993 518 1049 Ergo
551 992 886 1035 consuetudinem
907 991 1104 1032 sermonis
1125 990 1291 1032 vocabo
1321 1003 1560 1031 consensum.

163 1050 424 1092 eruditorum
441 1066 455 1100 ,-
488 1051 600 1091 sicut
619 1049 804 1099 vivendi,
822 1063 1055 1091 consensum
1077 1047 1294 1089 bonorum.

221 1107 367 1158 Nunc,
400 1108 606 1163 quoniam
649 1107 855 1156 diximus,
902 1120 999 1161 quae
1038 1105 1095 1146 sit
1141 1103 1349 1160 loquendi
1390 1103 1558 1159 regula,

164 1162 415 1213 dicendum,
444 1178 541 1220 quae
578 1164 866 1205 scribentibus
887 1161 1189 1204 custodienda.
1250 1160 1381 1206 Quod
1407 1161 1556 1202 Graeci

161 1223 386 1277 c’agSoyfaqvim
408 1228 581 1271 vocant,
612 1235 690 1261 nos
721 1233 838 1261 recte
867 1218 1084 1261 scribendi
1106 1218 1332 1261 scientiam
1357 1219 1556 1259 nomine-

160 1291 272 1319 mus.
333 1278 445 1334 Ego,
467 1278 547 1319 nisi
593 1278 679 1320 uod
701 1277 972 1319 consuetudo
993 1276 1246 1325 obtinuerit,
1277 1275 1340 1316 sic
1362 1276 1557 1316 seriben-

164 1334 268 1376 dum
300 1336 490 1391 quidque
515 1293 687 1390 juKdico,
715 1349 802 1390 quo
831 1331 962 1376 modo
991 1344 1131 1375 sonat.
1194 1332 1284 1374 Hic
1312 1332 1429 1372 enim
1454 1347 1554 1373 usus

163 1398 229 1432 est
268 1391 502 1442 literarum,
536 1400 584 1433 ut
613 1391 864 1433 custodiant
901 1405 1046 1441 voces,
1082 1398 1128 1431 et
1156 1389 1274 1431 velut
1309 1389 1558 1443 depositum

162 1449 349 1490 reddant
378 1449 644 1505 legentibus:
685 1449 830 1504 itaque
867 1445 911 1489 id
945 1447 1189 1504 exprimere
1224 1444 1401 1497 debent,
1438 1443 1557 1501 quod

162 1504 319 1547 dicturi
343 1521 504 1548 sumus.

223 1563 308 1605 Hae
332 1564 418 1604 fere
441 1570 540 1604 sunt
561 1561 790 1603 emendate
822 1561 1028 1618 loquendi
1058 1560 1360 1615 scribendique
1384 1568 1557 1616 partes:

164 1616 269 1660 duas
291 1620 489 1676 reliquas,
513 1620 809 1675 significanter
829 1627 1065 1673 ornateque
1097 1617 1290 1661 dicendi,
1328 1632 1413 1658 non
1437 1619 1558 1673 equi-

163 1675 264 1717 dem
293 1677 587 1733 grammaticis
620 1677 790 1717 aufero:
823 1676 916 1726 sed,
936 1689 1034 1717 cum
1065 1674 1174 1716 mihi
1207 1673 1351 1715 officia
1371 1674 1556 1716 rhetoris

162 1734 392 1790 supersint,
412 1734 562 1790 majori
582 1734 702 1789 operi
724 1747 907 1775 reservo.

220 1790 356 1832 Redit
375 1798 520 1832 autem
540 1790 610 1832 illa
632 1790 861 1846 cogitatio,
881 1788 1089 1846 quosdam
1113 1787 1221 1838 fore,
1244 1787 1316 1843 qui
1336 1784 1434 1829 haec
1457 1803 1556 1843 quae

161 1845 351 1890 diximus
369 1863 499 1905 parva
515 1848 715 1897 nimium,
737 1859 781 1889 et
799 1847 1114 1903 impedimenta
1129 1859 1300 1900 quoque
1319 1845 1456 1900 majus
1475 1845 1557 1885 ali-

159 1905 266 1959 quid
297 1906 544 1962 agentibus,
576 1913 745 1960 putent.
807 1904 903 1946 Nec
937 1904 1028 1959 ipse
1062 1903 1116 1943 ad
1147 1910 1387 1943 extremam
1420 1917 1555 1957 usque

162 1963 427 2005 anxietatem
451 1972 496 2005 et
516 1963 682 2018 ineptas
706 1961 1001 2003 cavillationes
1025 1958 1395 2009 descendendum,
1425 1967 1555 2015 atque

161 2016 229 2059 his
261 2020 438 2077 ingenia
470 2020 644 2061 concidi
676 2030 719 2061 et
742 2019 996 2068 comminui,
1026 2017 1176 2058 credo.
1238 2016 1324 2057 Sed
1353 2016 1462 2057 nihil
1497 2031 1553 2058 ex

160 2072 445 2131 grammatica
482 2077 694 2127 nocuerit,
729 2077 809 2117 uisi
843 2075 958 2131 quod
991 2088 1306 2130 supervacuum
1342 2080 1422 2114 est.
1482 2073 1554 2114 An

159 2133 261 2175 ideo
283 2135 425 2176 minor
454 2144 520 2177 est
547 2134 616 2176 M.
638 2133 800 2175 Tullius
833 2141 993 2182 orator,
1023 2131 1139 2188 quod
1164 2130 1280 2171 idem
1302 2130 1404 2170 artis
1424 2129 1554 2185 hujus

160 2190 519 2247 diligentissimus
549 2191 648 2241 fuit,
682 2201 727 2232 et
758 2191 801 2231 in
832 2190 938 2240 filio,
970 2198 1017 2230 ut
1054 2190 1098 2231 in
1134 2187 1326 2244 epistolis
1356 2196 1554 2243 apparet,

160 2258 278 2290 recte
301 2248 509 2306 loquendi
530 2262 835 2304 usquequaque
864 2261 987 2301 asper
1015 2260 1187 2301 quoque
1207 2247 1412 2301 exactor?
1462 2245 1555 2284 Aut

161 2305 251 2346 vim
287 2305 340 2348 C.
379 2306 562 2348 Caesaris
595 2306 819 2361 fregerunt
853 2304 959 2345 editi
992 2303 1040 2344 cle
1062 2302 1265 2358 eteulogia
1288 2301 1410 2343 libri?
1461 2300 1554 2342 Aut.

160 2360 262 2403 ideo
289 2364 431 2405 minus
458 2363 648 2406 Messala
681 2362 859 2412 nitidus,
891 2361 991 2416 quia
1014 2360 1225 2416 quosdam
1249 2366 1364 2399 totos
1385 2358 1552 2399 libellos

160 2432 248 2460 non
267 2419 321 2462 de
342 2421 481 2462 verbis
500 2421 632 2463 modo
653 2418 832 2475 singulis
853 2418 927 2459 sed
949 2417 1081 2459 etiam
1100 2417 1233 2457 literis
1250 2415 1396 2456 dedit?
1448 2414 1552 2456 Non

162 2477 337 2517 obstant
369 2477 439 2519 hae
474 2477 714 2534 disciplinae
739 2490 812 2533 per
846 2475 937 2517 illas
974 2474 1192 2525 euntibus,
1214 2472 1289 2513 sed
1313 2472 1430 2514 circa
1460 2471 1553 2513 illas

159 2531 440 2576 haerentibus.

220 2589 273 2630 V.
295 2590 601 2633 SUPEREST
617 2591 769 2633 lec-tio:
803 2588 844 2630 in
864 2604 948 2645 qua
968 2604 1075 2646 puer
1091 2597 1138 2630 ut
1155 2587 1262 2628 sciat
1278 2585 1352 2628 ubi
1371 2599 1553 2641 suspen-

162 2643 265 2688 dere
287 2648 481 2702 spiritum
503 2649 676 2700 debeat,
706 2663 791 2704 quo
814 2647 943 2703 loquo
964 2660 1134 2688 versum
1159 2644 1442 2699 distinguere,
1474 2641 1562 2683 ubi‘

162 2701 387 2745 claudatur
421 2719 582 2757 sensus,
617 2705 733 2747 unde
768 2705 965 2760 incipiat,
995 2703 1170 2760 quando
1206 2699 1442 2742 attollenda
1481 2697 1551 2739 vel

163 2759 458 2803 submittenda
490 2762 545 2804 sit
576 2777 689 2813 vox3
732 2761 835 2818 quid
868 2775 1039 2818 quoque
1071 2761 1205 2810 flexu,
1242 2756 1347 2813 quid
1375 2755 1553 2808 lentius,

815 2852 900 2888 09
