2015 3341
386 147 470 188 ‘158
840 157 933 187 mn.
967 156 1012 185 v.
1075 155 1183 186 mr.
1217 154 1333 186 xm.

385 243 551 300 Utique
591 259 809 301 nunquam
846 245 1209 286 committendum
1242 253 1323 295 est,
1353 252 1400 286 ut
1435 241 1775 287 adversariorum

386 302 506 343 dicta
528 318 626 344 cum
650 318 724 343 sua
744 302 1071 342 confirmatione
1092 302 1341 351 referamus,
1365 310 1438 342 aut
1460 306 1524 353 (l)
1542 304 1671 343 etiam
1689 301 1774 342 loci

385 359 570 414 alicujus
592 359 851 400 executione
873 359 1142 414 adjuvemus,
1164 360 1245 399 nisi
1266 373 1364 399 cum
1382 358 1622 400 eludenda:
1646 357 1775 413 Apud

387 417 626 457 exercitum
650 415 756 456 mihi
787 415 933 465 fueris,
967 416 1129 470 inquit;
1164 426 1229 456 tot
1255 415 1376 455 annis
1398 415 1539 455 sorum
1563 430 1647 456 non
1675 415 1779 454 atti-

388 474 525 527 geris3
557 472 746 513 abfueris
787 472 976 523 tamdiu3
1021 483 1080 522 et,
1112 487 1211 512 cum
1250 480 1338 511 tam
1381 470 1516 527 longo
1554 470 1777 511 intervallo

387 531 570 580 veneris,
601 543 702 570 cum
732 529 800 580 iis,
831 529 905 584 qui
939 529 983 569 in
1013 529 1108 569 foro
1141 528 1405 579 habitarunt,
1436 528 1650 584 dignitate
1671 540 1778 568 con-

388 586 541 627 tendas
560 586 570 628 !

446 643 678 694 Praeterea,
717 643 760 685 in
777 642 1195 685 contradictionibus
1232 642 1405 685 interim
1440 650 1579 684 totum
1613 640 1779 683 crimen

388 700 643 756 exponitur·
635 733 645 751 ,
677 709 726 742 ut
747 701 902 742 Cicero
934 715 1013 757 pro
1043 700 1204 741 Semo
1227 711 1379 741 contra
1409 700 1635 741 Bostarem
1658 698 1779 748 facit,

386 757 508 798 velut
527 759 767 800 orationem
789 757 861 798 div
852 772 969 798 ersae
989 772 1063 812 par
1070 758 1120 798 tis
1138 758 1244 798 imit
1237 766 1351 798 itus:
1376 767 1449 798 aut
1469 757 1660 812 pluribus
1679 770 1778 811 pro-

388 814 676 870 positionibus
697 816 885 871 junctis·
919 821 966 855 ut
999 829 1074 869 pro
1095 814 1289 856 Valeno:
1324 815 1437 856 Cum
1459 816 1538 855 iter
1556 828 1630 869 per
1652 827 1779 868 ‘igros

389 879 434 911 et
456 871 554 912 loca
576 872 668 913 sola
688 874 851 913 taceret
872 886 971 913 cum
994 872 1237 927 PopulenO,
1270 872 1310 911 in
1335 872 1486 913 famili
1478 886 1544 912 im
1563 870 1777 911 Anchari-

390 942 514 970 anim
558 930 760 970 incidisse
799 929 1029 979 dixerunt,
1070 928 1229 969 deinde
1271 928 1546 985 Populenum
1587 927 1780 968 occisum

390 999 509 1038 esse3
557 986 676 1028 illico
718 986 937 1026 Varenum
979 986 1176 1027 vinctum
1223 985 1513 1035 adservatum,
1555 984 1659 1025 dum
1706 983 1779 1024 hic

389 1042 638 1083 ostenderet
658 1043 763 1098 quid
786 1042 839 1083 de
861 1055 913 1083 eo
933 1041 1025 1083 fieri
1049 1043 1206 1083 vellet:
1260 1042 1389 1089 Quod
1415 1050 1480 1083 est
1506 1042 1654 1096 utique
1672 1039 1780 1080 faci-

391 1099 568 1150 endum,
601 1101 633 1140 si
658 1101 739 1140 erit
760 1099 1029 1140 incredibilis
1055 1100 1114 1140 rei
1149 1099 1273 1150 ordo,
1304 1109 1349 1141 et
1382 1100 1474 1154 ipsa
1507 1098 1779 1154 expositione

389 1156 522 1197 fidem
556 1156 815 1212 perditurus.
878 1155 1058 1196 Interim
1090 1170 1167 1211 per
1203 1164 1344 1210 partes
1367 1154 1632 1205 dissolvitur,
1662 1153 1779 1209 quod

390 1220 601 1254 contextu
633 1220 788 1254 nocet:
821 1221 864 1252 et
899 1212 1148 1268 plerumque
1181 1213 1223 1253 id
1259 1222 1323 1253 est
1356 1213 1504 1254 tutius.
1566 1210 1782 1257 Quaedam

390 1269 759 1311 contradictiones
792 1275 946 1310 natura
978 1279 1077 1310 sunt
1109 1268 1317 1326 singulte:
1361 1270 1405 1311 id
1441 1268 1657 1324 exemplis
1692 1281 1782 1308 non

390 1334 507 1383 eget.

418 1371 711 1424 Communia
747 1383 860 1424 bene
901 1381 1301 1447 apprehenduntur,
1343 1398 1432 1425 non
1477 1389 1644 1424 tantum
1681 1380 1783 1437 quia

391 1442 612 1495 utriusque
636 1450 734 1482 sunt
756 1441 906 1496 partis,
941 1439 1014 1479 sed
1036 1441 1122 1495 qui
1113 1456 1135 1480 ·ι
1160 1440 1255 1496 plus
1277 1450 1458 1496 prosunt
1478 1439 1782 1496 respondenti:

390 1512 530 1553 neque
568 1498 682 1538 enirn
727 1498 912 1553 ρἰσεὶήῐ,
945 1497 1060 1551 quod
1099 1512 1214 1554 saepe
1247 1499 1415 1548 monui,
1448 1498 1627 1547 ref··;eiie
1674 1510 1785 1538 com·

391 1569 510 1596 mune
535 1555 607 1610 qui
623 1555 748 1611 prio}
769 1555 892 1603 dicit,
939 1553 1350 1610 contrariumfacit:
1384 1566 1450 1596 est
1472 1555 1586 1595 enim
1607 1561 1783 1594 contra-

392 1614 520 1661 rium,
551 1626 666 1667 quo
655 1612 919 1652 adver-sarius
939 1611 1046 1651 bene
1071 1612 1130 1652 uti
1154 1619 1320 1668 potest:
1353 1611 1541 1653 Atenim
1564 1625 1650 1651 non
1674 1610 1785 1650 veri-

394 1669 534 1709 simile
558 1676 638 1718 est,
671 1677 839 1709 tantum
874 1668 1010 1708 scelus
1046 1668 1114 1708 M.
1137 1669 1313 1710 Cottam
1348 1683 1439 1709 esse
1460 1674 1782 1709 commentum·

393 1726 524 1781 quid?
556 1726 639 1767 hoe
680 1724 911 1767 verisimile
952 1732 1032 1774 est,
1065 1733 1233 1766 tantum
1275 1725 1414 1768 scelus
1455 1725 1649 1781 Oppium
1691 1737 1784 1765 esse

393 1791 598 1823 conatum
618 1785 634 1824 ἓ

451 1839 644 1880 Artificis
660 1848 804 1880 autem
827 1846 907 1889 est,
938 1837 1131 1879 invenire
1170 1839 1211 1880 in
1234 1839 1408 1880 actione
1430 1837 1663 1880 adversarii
1686 1852 1784 1894 quae

394 1897 506 1938 inter
537 1904 675 1937 semet
708 1896 802 1953 ipsa
834 1904 1044 1952 pugnent,
1077 1904 1151 1936 aut
1182 1911 1374 1952 pugnare
1405 1896 1654 1937 videantur:
1687 1910 1785 1951 quae

395 1954 630 2009 aliquando
667 1967 721 1994 ex
759 1954 885 1994 rebus
923 1954 1025 2008 ipsis
1065 1954 1294 1994 m·uiitesta
1328 1962 1449 2004 sunt3
1497 1960 1545 1993 ut
1578 1952 1621 1994 in
1655 1967 1787 1994 causa

396 2011 596 2052 Coeliana
617 2010 771 2052 Clodia
791 2025 939 2051 aurum
963 2025 1005 2050 se
1029 2009 1172 2050 Coelio
1191 2010 1488 2051 commodasse
1512 2010 1635 2060 dicit,
1668 2009 1787 2065 quod

395 2069 567 2124 signum
589 2082 762 2123 magnae
785 2066 1088 2108 familiaritatis
1111 2074 1196 2118 est3
1230 2081 1444 2108 venenum
1467 2067 1547 2108 sibi
1570 2078 1786 2123 p·1ratum,

396 2124 512 2181 quod
551 2125 706 2165 summi
744 2124 832 2166 odii
865 2134 1169 2179 argumentum
1205 2132 1296 2166 est:
1348 2125 1522 2166 Tubero
1562 2124 1782 2180 Ligarium

396 2189 586 2231 accus-it,
617 2181 733 2237 quod
767 2182 800 2222 is
834 2181 876 2221 in
898 2181 1046 2222 Africa
1068 2182 1217 2231 tuerit3
1250 2189 1294 2221 et
1326 2183 1536 2237 queritur,
1578 2181 1697 2237 quod
1730 2182 1785 2223 ab

397 2255 450 2282 eo
474 2240 563 2294 ipse
586 2239 627 2278 in
650 2239 843 2279 Africam
866 2252 950 2278 non
975 2238 1030 2278 sit
1050 2238 1276 2280 admissus

452 2295 701 2350 Aliquando
723 2309 825 2336 vero
849 2295 1015 2350 praebet
1035 2295 1125 2350 ejus
1148 2296 1206 2336 rei
1230 2295 1504 2337 occasionem
1522 2294 1663 2337 minus
1681 2308 1788 2338 con-

398 2352 584 2394 siderata
605 2367 659 2393 ex
676 2353 857 2394 adverso
874 2352 1057 2393 dicentis
1076 2353 1233 2393 oratio:
1257 2353 1373 2408 quod
1391 2352 1550 2394 accidit
1567 2353 1787 2408 praecipue

398 2410 567 2465 cupidis
609 2409 935 2459 sententiarum,
966 2418 1027 2457 ut,
1060 2408 1178 2450 ducti
1216 2424 1443 2451 occasione
1476 2409 1668 2460 dicendi,
1698 2424 1787 2452 non

399 2482 567 2523 respit-1
558 2474 633 2506 int
671 2465 775 2522 quid
816 2466 1021 2515 dixerint,
1064 2465 1168 2506 dum
1208 2466 1351 2507 locum
1393 2476 1668 2522 piaeseutem,
1697 2481 1789 2508 non

399 2532 536 2564 totam
568 2538 739 2564 causam
764 2524 1000 2565 intuentur
1062 2522 1180 2568 Quid
1205 2531 1288 2564 tam
1310 2523 1444 2564 videri
1468 2531 1613 2579 potest
1634 2534 1788 2566 contra

401 2581 670 2630 Cluentium,
686 2595 810 2635 quam
825 2582 1020 2621 censoria
1039 2581 1163 2620 uota?
1184 2580 1287 2635 quid
1312 2590 1396 2621 tam
1417 2581 1787 2632 contraeundem,

400 2652 528 2692 quam
559 2637 696 2678 filium
726 2638 778 2678 ab
812 2637 997 2693 Egnatio
1030 2638 1219 2692 corrupti
1239 2637 1421 2701 judieii,
1451 2652 1538 2693 quo
1562 2633 1788 2679 Cluentius

399 2695 694 2751 Oppianicum
726 2673 1095 2746 circumvenisset,
1127 2696 1307 2736 crimine
1344 2694 1700 2737 exhaeredatum?
1727 2690 1817 2736 Α(

529 2818 541 2848 ι(
551 2819 579 2857 i>
606 2818 680 2858 Ipsa
699 2817 767 2856 ejus
784 2822 979 2858 argumenta
995 2818 1111 2852 iisdem
1123 2819 1191 2852 fere
1207 2819 1313 2852 verbis
1331 2825 1448 2853 exacte
1462 2819 1646 2853 referendo.
