2015 3341
418 121 502 161 150
888 132 989 163 mn.
1023 134 1069 161 v.
1130 132 1239 163 cAP.
1272 131 1343 164 xi.

416 214 537 266 dum,
557 215 840 259 similitudine
864 219 996 259 utaris
1013 228 1154 267 terrae,
1172 233 1269 274 quae
1293 218 1490 273 neglecta
1510 225 1650 259 sentes
1672 224 1803 274 atque

416 272 587 324 dumos,
609 274 782 316 exculta
798 274 960 316 fructus
981 282 1118 316 creat:
1144 283 1235 323 aut,
1257 275 1289 315 si
1315 276 1365 314 ad
1386 290 1528 315 curam
1549 275 1800 330 reipublicae

417 327 621 381 horteris,
651 332 853 372 ostendas
894 346 995 387 apes
1037 332 1167 372 etiam
1209 331 1512 386 formicasque,
1544 346 1630 372 non
1671 331 1803 371 modo

419 394 559 436 muta,
589 387 662 429 sed
685 388 816 429 etiam
848 403 979 444 parva
1007 388 1226 438 animalia,
1257 388 1300 428 in
1329 402 1556 429 commune
1577 394 1719 427 tamen
1745 387 1807 427 la-

420 442 587 484 borare.
650 445 718 486 Ex
751 445 836 485 hoc
857 459 1015 500 genere
1037 445 1202 485 dictum
1235 453 1300 485 est
1328 444 1436 485 illud
1467 444 1712 485 Ciceronis:
1747 443 1809 483 Ut

422 513 607 555 corpora
624 511 771 542 nostra
787 502 878 543 sine
901 512 1062 551 mente,
1095 502 1155 542 ita
1172 502 1324 543 civitas
1346 502 1436 542 sine
1456 501 1571 557 lege,
1603 501 1688 540 suis
1710 514 1809 554 par-

424 556 540 598 tibus
563 567 609 598 ut
642 559 782 599 nervis
816 573 866 599 ac
896 558 1105 614 sanguine
1139 565 1183 599 et
1212 558 1417 599 membris
1439 559 1500 598 uti
1532 572 1617 598 non
1647 565 1807 612 potest.

424 613 527 663 Sed,
561 622 609 654 ut
624 614 706 656 hac
728 616 920 671 corporis
947 615 1126 656 humani
1155 629 1233 671 pro
1252 614 1470 664 Cluentio,
1500 615 1561 655 ita
1591 628 1668 669 pro
1701 612 1810 653 Cor-

424 670 544 711 nelio
585 686 810 727 equorum,
852 687 930 728 pro
966 672 1129 713 Archia
1164 686 1364 712 saxorum
1401 686 1573 727 quoque
1610 677 1676 710 est
1711 684 1812 709 usus

426 727 725 770 similitudine.
788 728 867 770 llla
899 733 967 780 (ut
999 729 1111 781 dixi)
1141 729 1370 785 propiora3
1404 728 1466 769 Ut
1498 728 1682 782 remiges
1719 726 1811 767 sine

427 785 733 840 gubernatore,
766 785 825 827 ita
841 786 1001 829 milites
1024 787 1113 826 sine
1133 787 1392 841 imperatore
1414 784 1521 825 nihil
1540 784 1696 825 valere.

487 841 640 882 Solent
673 853 818 884 tamen
853 843 1003 884 fallere
1037 842 1369 884 similitudinum
1414 841 1594 898 species,
1627 840 1813 894 ideoque

430 897 728 942 adhibendum
766 908 831 941 est
872 900 938 940 his
973 900 1206 955 judicium.
1268 899 1421 954 Neque
1459 899 1575 939 enim
1612 906 1660 938 nt
1694 897 1815 937 navis

429 955 580 996 utilior
609 971 722 998 nova
753 972 881 1013 quam
912 968 1048 1006 vetus,
1079 956 1139 997 sic
1175 956 1386 996 amicitia:
1420 955 1486 996 vel
1519 964 1566 995 ut
1602 953 1818 996 laudanda

429 1027 528 1066 quae
563 1015 792 1069 pecuniam
827 1029 946 1055 suam
983 1013 1172 1068 pluribus
1195 1013 1389 1068 largitur,
1420 1008 1480 1052 ita
1502 1027 1598 1066 quae
1616 1012 1815 1051 formam.

428 1067 575 1110 Verba
606 1079 706 1111 sunt
738 1070 781 1111 in
814 1071 880 1111 his
913 1070 1086 1120 similia,
1118 1069 1361 1125 largitionis
1394 1076 1439 1108 et
1472 1069 1720 1109 vetustatis:
1755 1067 1817 1107 vis

432 1126 610 1181 quidem
632 1127 763 1183 longe
787 1127 970 1176 diversa,
1004 1127 1215 1183 pecuniae,
1240 1136 1283 1166 et
1303 1125 1542 1181 pudicitiae.
1603 1124 1755 1178 Itaque
1774 1124 1818 1165 in

431 1181 519 1223 hoc
539 1198 696 1239 genere
719 1185 906 1224 maxime
927 1184 1148 1238 quaeritur,
1181 1197 1234 1222 an
1253 1181 1393 1223 simile
1412 1182 1465 1221 sit
1482 1197 1506 1236 q
1516 1180 1595 1221 uod
1621 1182 1817 1221 infertur.

434 1238 581 1281 Etiam
614 1242 656 1281 in
691 1240 774 1281 illis
809 1240 1222 1294 interrogationibus
1254 1239 1458 1287 Socratis,
1489 1238 1728 1278 cavendum
1766 1250 1820 1278 ne

433 1295 608 1341 incaute
632 1297 911 1353 respondeas:
946 1305 994 1337 ut
1015 1296 1127 1352 apud
1152 1296 1404 1337 ‘'Eschinem
1423 1294 1690 1336 Socraticum
1710 1294 1822 1334 male

433 1353 661 1409 respondit
687 1354 883 1410 Aspasiae
912 1352 1222 1408 Xenophontis
1252 1367 1382 1394 uxor:
1415 1352 1528 1407 quod
1567 1352 1722 1392 Cicero
1756 1350 1823 1392 his

434 1412 578 1452 verbis
611 1410 834 1452 transfert:
879 1410 964 1452 Die
1000 1411 1121 1459 mihi,
1152 1424 1316 1465 quaeso,
1350 1408 1661 1464 Xenophontis
1694 1422 1822 1458 uxor,

437 1468 469 1508 si
493 1469 634 1509 vicina
667 1476 740 1509 tua
757 1468 910 1509 melius
946 1467 1103 1509 habeat
1124 1481 1272 1507 aurum
1295 1481 1420 1521 quam
1445 1474 1488 1506 tu
1513 1466 1659 1515 habes,
1679 1475 1824 1508 utrum

437 1525 567 1576 illius,
611 1540 664 1566 an
695 1533 816 1569 tuum
847 1525 1002 1566 malis?
1044 1524 1173 1574 illius,
1206 1524 1371 1579 inquit:
1417 1523 1564 1569 Quid?
1597 1523 1630 1563 si
1661 1529 1823 1564 vestem

439 1589 483 1623 et
520 1593 725 1625 caeterum
763 1593 963 1623 ornatum
996 1582 1246 1623 muliebrem
1297 1581 1424 1636 pretii
1459 1580 1633 1636 majoris
1666 1580 1826 1620 habeat

439 1654 570 1694 qnam
611 1647 654 1680 tu
693 1639 841 1689 habes,
872 1645 994 1680 tuum
1026 1654 1077 1679 an
1108 1638 1224 1678 illius
1260 1638 1411 1679 malis?
1458 1637 1570 1677 illius
1608 1651 1724 1687 ver0,
1758 1651 1824 1677 re-

440 1696 643 1753 spondit:
687 1696 800 1752 Age,
843 1696 999 1751 inquit,
1042 1696 1075 1736 si
1107 1696 1245 1740 virum
1287 1693 1361 1735 illa
1400 1694 1622 1735 meliorem
1667 1693 1827 1735 habeat

443 1767 572 1808 quam
596 1761 641 1794 tu
667 1753 815 1802 habes,
848 1753 1043 1794 virumne
1076 1760 1197 1793 tuum
1230 1766 1281 1791 an
1306 1751 1418 1792 illius
1437 1751 1589 1792 malis?
1636 1750 1707 1791 hic
1729 1765 1826 1791 mu-

440 1809 524 1852 ]ier
559 1811 752 1852 erubuit:
786 1809 974 1860 Merit03
1008 1809 1117 1850 male
1150 1808 1265 1849 enim
1298 1808 1594 1863 responderat,
1626 1822 1670 1848 se
1701 1807 1828 1848 malle

445 1867 633 1909 alienum
657 1882 807 1908 aurum
828 1881 956 1921 quarn
981 1881 1126 1907 suum:
1158 1879 1259 1905 narn
1279 1874 1343 1905 est
1362 1866 1401 1905 id
1427 1865 1699 1921 improbum:
1732 1873 1776 1905 at
1793 1865 1827 1906 si

444 1923 753 1980 respondisset,
785 1923 915 1964 malle
938 1936 981 1963 se
1004 1938 1153 1964 aurum
1174 1937 1295 1962 suum
1321 1923 1404 1963 tale
1440 1937 1531 1963 esse
1564 1921 1689 1977 quale
1725 1921 1828 1963 illud

446 1989 574 2031 esset,
607 1981 816 2036 potuisset
838 1980 995 2036 pudice
1017 1979 1296 2037 respondere,
1327 1979 1458 2020 malle
1480 1993 1523 2020 se
1546 1980 1683 2021 virum
1705 1993 1832 2024 suum

447 2038 579 2079 talem
599 2053 690 2078 esse
713 2038 851 2093 qualis
873 2036 1026 2078 melior
1049 2046 1174 2081 esset.
1210 2066 1221 2077 .
1256 2067 1266 2077 .

504 2095 752 2136 Adhibetur
779 2096 1046 2136 extrinsecus
1077 2097 1120 2137 in
1149 2109 1318 2135 causam
1342 2100 1387 2135 et
1407 2093 1654 2135 auctoritas.
1716 2091 1831 2134 Haec

448 2153 585 2194 secuti
606 2152 803 2202 Graecos,
834 2166 859 2192 a
879 2152 1035 2207 quibus
1056 2156 1171 2202 κρίσεις
1194 2151 1412 2201 dicuntur,
1438 2151 1605 2206 judicia
1622 2161 1695 2191 aut.
1710 2150 1831 2206 judi-

447 2210 641 2250 cationes
670 2216 844 2258 vocant,
876 2223 962 2248 non
986 2209 1039 2248 de
1068 2207 1225 2262 quibus
1254 2223 1306 2248 ex
1329 2223 1458 2248 causa
1479 2208 1597 2248 dicta
1617 2208 1834 2249 sententia

446 2274 534 2316 θεὶς
569 2281 666 2307 nam
688 2280 740 2306 ea
768 2265 943 2320 quidem
969 2266 1009 2306 in
1040 2265 1336 2321 exemplorum
1366 2265 1507 2306 locum
1531 2264 1716 2316 eedunt3
1739 2264 1831 2315 sed,

448 2324 482 2364 si
525 2322 628 2377 quid
671 2322 731 2363 ita
772 2322 909 2363 visum
944 2322 1162 2376 gentibus,
1194 2322 1381 2377 populis,
1414 2322 1680 2376 sapientibus
1716 2321 1833 2372 viris,

445 2380 572 2422 claris
589 2379 772 2428 civibus,
788 2378 1024 2420 illustribus
1047 2379 1201 2433 poetis,
1224 2378 1369 2419 referri
1391 2387 1549 2434 potest.

508 2437 576 2477 Ne
612 2436 705 2477 liaec
734 2436 908 2491 quidem
940 2435 1072 2490 vulgo
1110 2435 1243 2485 dicta,
1274 2443 1318 2475 et
1350 2443 1525 2490 recepta
1557 2435 1834 2491 persuasione

446 2493 665 2551 populari,
697 2493 787 2533 sine
820 2508 897 2533 usu
932 2492 1092 2533 fuerint
1124 2492 1385 2533 testimonia.
1447 2495 1557 2533 Sunt
1589 2493 1704 2533 enim
1727 2507 1836 2547 quo-

449 2549 686 2592 dammodo
708 2548 775 2590 vel
797 2550 1043 2604 potentiora
1065 2548 1215 2597 etiarn,
1244 2550 1357 2603 quod
1382 2564 1469 2590 non
1497 2550 1636 2590 causis
1665 2563 1837 2590 accom-

450 2608 644 2656 modata,
667 2606 757 2656 sed,
775 2605 920 2647 liberis
938 2606 1039 2646 odio
1062 2613 1105 2646 et
1127 2607 1265 2661 gratia
1288 2608 1519 2657 mentibus,
1544 2607 1642 2647 ideo
1666 2613 1835 2647 tantum

451 2665 569 2706 dicta
586 2663 802 2720 factaque,
833 2663 935 2719 quia
955 2670 1030 2704 aut
1045 2662 1349 2704 honestissima
1367 2673 1441 2706 aut
1474 2664 1694 2706 verissima
1714 2663 1837 2704 vide·

452 2722 627 2764 bantur.

508 2778 578 2820 An
600 2792 702 2822 vero
716 2792 787 2821 me
808 2777 862 2821 de
879 2776 1166 2821 incommodis
1190 2778 1287 2820 vitae
1306 2777 1586 2822 disserentem
1604 2792 1692 2820 non
1713 2775 1837 2834 adju·
