2015 3341
439 221 471 266 6
917 234 1015 264 ΜΒ.
1048 235 1082 264 1.
1144 233 1254 264 CAP.
1287 235 1321 263 1.

437 322 616 364 verteris
635 320 769 363 vitia?
800 320 900 362 Non
925 327 1143 361 assuescat
1162 334 1283 375 ergo,
1304 334 1358 361 ne
1373 318 1628 364 duminfans
1645 318 1822 375 quidem

439 387 521 427 est,
554 378 739 419 sermoni
763 377 836 432 qui
859 376 1147 417 dediscendus
1169 376 1241 418 sit.

499 434 553 477 In
578 434 826 489 parentibus
859 447 958 473 vero
995 447 1126 488 quam
1162 431 1395 487 plurimum
1434 445 1526 471 esse
1566 430 1822 485 eruditionis

440 491 698 545 optaverim.
749 492 911 530 Verum
931 503 1010 530 nec
1028 489 1081 529 de
1101 490 1292 544 patribus
1309 496 1472 528 tantum
1494 487 1659 543 loquor.
1708 488 1822 530 Nam

440 547 743 588 Gracchorum
777 546 1040 602 eloquentiae
1074 545 1258 592 multum
1299 543 1532 585 contulisse
1576 545 1824 600 accepimus

442 603 691 645 Corneliam
723 614 920 651 matrem,
956 603 1078 657 cujus
1102 602 1377 643 doctissimus
1401 615 1540 641 sermo
1564 601 1604 641 in
1630 609 1822 656 posteros

441 674 616 715 quoque
653 667 718 700 est
749 659 944 716 epistolis
978 658 1176 699 traditus.
1239 658 1295 699 Et
1320 658 1438 701 Laelii
1466 657 1555 698 filia
1586 657 1824 698 reddidisse

438 717 486 760 in
525 716 745 772 loquendo
785 726 1006 773 paternam
1029 714 1322 770 eloquentiam
1355 715 1529 755 dicitur.
1592 714 1649 755 Et
1669 713 1825 760 Quinti

442 773 670 816 Hortensii
704 773 806 814 filiae
839 773 978 814 oratio
1011 772 1125 827 apud
1159 772 1425 813 Triumviros
1463 770 1611 816 habita
1647 771 1824 826 legitur,

440 844 531 871 non
555 839 721 872 tantum
740 835 804 883 (l)
825 830 867 870 in
886 844 1011 871 sexus
1033 829 1258 870 honorem.
1321 829 1415 870 Nec
1432 839 1577 869 tamen
1600 828 1646 876 ii,
1669 828 1825 884 quibus

442 887 609 928 discere
661 887 762 942 ipsis
809 902 897 928 non
938 886 1142 942 contigit,
1196 887 1405 927 minorem
1447 900 1594 927 curam
1637 883 1826 932 docendi

441 944 603 985 liberos
625 944 841 994 habeant3
873 944 948 985 sed
980 945 1066 984 sint
1103 950 1278 1001 propter
1300 943 1384 984 hoc
1405 943 1546 1000 ipsum
1577 941 1632 983 ad
1666 949 1827 983 caetera

441 1001 582 1056 magis
605 1001 849 1057 diligentes.

503 1058 571 1102 De
593 1059 752 1114 pueris,
784 1058 1023 1112 inter-quos
1045 1055 1302 1096 educabitur
1324 1055 1396 1099 ille
1427 1055 1531 1097 huic
1564 1055 1655 1112 spei
1691 1054 1826 1097 desti-

442 1121 587 1165 natus,
620 1115 734 1156 idem
758 1114 874 1169 quod
898 1114 952 1154 de
975 1113 1213 1154 nutricibus
1237 1113 1400 1153 dictum
1425 1113 1494 1153 sit.

505 1171 571 1212 De
609 1175 670 1224 (Β)
706 1171 960 1227 paedagogis
994 1170 1079 1210 hoc
1116 1169 1314 1224 amplius,
1354 1179 1402 1210 ut
1436 1177 1512 1210 aut
1545 1169 1632 1210 sint
1667 1167 1824 1209 eruditi

442 1227 591 1284 plane,
622 1242 751 1285 quam
774 1229 959 1283 primam
981 1240 1071 1266 esse
1093 1241 1238 1267 curam
1265 1226 1410 1275 velim,
1441 1234 1516 1267 aut
1546 1241 1590 1267 se
1619 1240 1705 1266 non
1734 1239 1826 1266 esse

444 1285 636 1326 eruditos
669 1285 823 1325 sciant.
886 1283 1010 1325 Nihil
1044 1283 1159 1323 euim
1194 1283 1316 1337 pejus
1353 1291 1418 1322 est
1454 1284 1504 1323 iis
1540 1283 1613 1338 qui
1648 1282 1826 1338 paulum

443 1341 610 1396 aliquid
634 1341 745 1382 ultra
767 1341 924 1397 primas
946 1340 1090 1380 literas
1112 1339 1326 1395 progressi
1356 1338 1506 1380 falsam
1530 1340 1611 1380 sibi
1634 1338 1828 1380 scientiae

442 1398 768 1454 persuasionem
802 1397 1050 1438 induerunt.
1111 1397 1223 1437 Nam
1267 1404 1310 1436 et
1350 1396 1503 1437 cedere
1545 1395 1828 1452 praecipiendi

442 1456 594 1511 peritis
619 1455 915 1510 indignantur,
948 1462 991 1494 et
1014 1452 1242 1507 velutjure
1265 1452 1454 1508 quodam
1475 1454 1718 1509 potestatiS,
1742 1467 1827 1507 quo

443 1512 535 1553 fere
578 1512 659 1553 hoc
702 1511 926 1553 hominum
971 1524 1105 1565 genus
1143 1509 1408 1560 intumescit,
1443 1510 1659 1566 imperiosi
1697 1517 1828 1564 atque

444 1569 621 1611 interim
643 1570 859 1610 saevientes
879 1567 1107 1609 stultitiam
1125 1581 1244 1607 suam
1267 1567 1516 1622 perdocent.
1570 1568 1664 1608 Nec
1689 1566 1829 1607 minus

445 1640 564 1667 error
597 1641 746 1666 eorum
781 1634 912 1666 nocet
942 1624 1151 1666 moribus.
1212 1623 1436 1678 Siquidem
1461 1623 1674 1665 Leonides
1695 1623 1829 1664 Alex-

445 1683 569 1724 andri
592 1683 868 1739 paedagoqu
897 1689 946 1722 ut
966 1696 990 1721 a
1010 1681 1257 1737 Babylonio
1282 1680 1481 1736 Diogene
1504 1681 1702 1730 traditur,
1736 1681 1829 1736 qui-

444 1740 629 1782 busdam
654 1755 753 1780 eum
775 1739 889 1780 vitiis
912 1738 1086 1788 imbuit,
1118 1753 1213 1792 quae
1238 1737 1460 1779 robustum
1485 1752 1658 1793 quoque
1675 1739 1828 1793 etjam

444 1797 687 1846 maximum
723 1810 871 1851 regem
907 1796 961 1836 ab
999 1795 1076 1836 illa
1107 1794 1380 1836 institutione
1415 1795 1568 1852 puerili
1602 1802 1703 1835 suut
1730 1810 1829 1852 pro-

447 1862 612 1895 secuta.

505 1911 550 1952 Si
587 1910 657 1952 cui
690 1908 825 1950 multa
857 1908 1007 1949 videor
1044 1907 1236 1963 exigere,
1267 1907 1435 1963 cogitet
1465 1921 1739 1951 ORATOREM
1765 1908 1832 1952 iu-

447 1967 592 2008 stitui:
616 1981 704 2008 rem
724 1966 923 2016 arduam3
949 1966 1080 2005 etiam
1095 1980 1193 2005 cum
1210 1965 1247 2005 ei
1264 1965 1490 2006 formando
1503 1964 1607 2006 nibil
1626 1965 1828 2017 defuerit3

446 2035 651 2080 praeterea
689 2023 810 2080 plura
845 2037 896 2064 ac
935 2022 1179 2062 difficiliora
1212 2037 1455 2078 superesse:
1486 2037 1586 2063 nam
1614 2031 1658 2062 et
1686 2022 1830 2064 studio

446 2089 675 2138 perpetuo,
707 2090 752 2121 et
786 2079 1144 2135 praestantissimis
1178 2080 1527 2134 praeceptoribus‚
1559 2087 1604 2120 et
1637 2079 1830 2135 pluribus

448 2138 689 2194 disciplinis
721 2152 828 2192 opus
851 2144 929 2177 est.
989 2136 1266 2191 Quapropter
1301 2136 1588 2191 praecipienda
1624 2147 1723 2177 sunt
1752 2152 1831 2192 op·

447 2196 582 2251 tima:
614 2196 708 2250 quae
743 2194 776 2235 si
810 2194 904 2249 quis
942 2193 1208 2249 gravabitur,
1241 2207 1327 2234 non
1361 2194 1515 2234 rationi
1541 2196 1602 2247 (3)
1629 2193 1832 2245 defuerit,

450 2253 524 2294 scd
550 2251 732 2292 homini.

508 2309 552 2350 Si
576 2316 720 2355 tamen
741 2322 827 2361 non
850 2306 1094 2361 continget,
1123 2305 1270 2362 quales
1292 2306 1481 2347 maxime
1502 2306 1649 2356 velim,
1671 2307 1832 2349 habere

447 2367 655 2415 nutrices,
686 2378 858 2420 pueros,
889 2363 1165 2419 paedagogos,
1196 2372 1241 2404 at
1262 2379 1368 2404 unus
1391 2371 1507 2404 certe
1535 2364 1591 2404 sit
1622 2364 1832 2414 assiduus,

450 2422 629 2471 dicendi
651 2436 737 2462 non
760 2420 998 2475 imperitus,
1032 2420 1121 2475 qui,
1153 2420 1186 2461 si
1208 2436 1291 2476 qua
1313 2428 1438 2461 erunt
1460 2422 1513 2461 ab
1536 2420 1603 2461 his
1629 2429 1831 2476 praesente

449 2479 628 2524 alumno
665 2479 783 2521 dicta
804 2478 972 2534 vitiose,
1004 2478 1193 2533 corrigat
1215 2478 1426 2535 protinus,
1456 2493 1536 2519 nec
1558 2478 1744 2520 insidere
1765 2478 1833 2521 illi

495 2645 546 2684 (1)
571 2646 651 2675 Quae
668 2645 771 2675 oratio
786 2643 891 2684 possit
907 2651 977 2672 esse
994 2642 1108 2673 honori
1126 2643 1226 2674 ctiam
1244 2645 1333 2676 viris.

494 2690 545 2727 (2)
570 2690 768 2718 Ductoribus
784 2688 1025 2724 comitibusque
1043 2697 1232 2724 puerorum,
1251 2689 1306 2728 qui
1325 2689 1524 2729 plerumque
1542 2692 1636 2719 erant
1651 2689 1771 2720 liberti.

496 2733 548 2770 (3)
573 2732 730 2768 Subaudi,
754 2732 924 2771 quidquam,
950 2734 988 2759 ut
1015 2730 1056 2759 sit
1081 2740 1210 2761 sensus:
1238 2735 1310 2763 Non
1328 2743 1425 2771 penes
1443 2734 1596 2769 fusionem,
1622 2743 1680 2763 seu
1704 2735 1832 2763 metho-

452 2775 532 2805 dum
549 2776 688 2811 steterit,
711 2774 979 2814 quandoquidem
1006 2773 1130 2811 optima
1157 2777 1388 2815 praecepimus
1413 2778 1468 2806 sed
1495 2787 1593 2815 penes
1619 2777 1773 2812 hominem,
1801 2777 1834 2806 id

452 2824 514 2854 cst,
531 2828 630 2856 penes
643 2828 697 2848 eos
714 2820 769 2858 qui
786 2820 817 2849 in
834 2817 1043 2848 instituendis
1060 2818 1180 2855 pueris,
1194 2828 1264 2857 quae
1282 2825 1451 2860 praecepta
1469 2825 1543 2852 suut
1561 2832 1580 2852 a
1596 2822 1697 2859 nobis,
1715 2820 1834 2860 exequi

451 2866 613 2904 tanquam
630 2863 781 2903 graviora
798 2866 831 2893 et
847 2860 1030 2893 difficiliora
1047 2861 1221 2895 noluerint.
