2015 3341
474 121 532 159 48
951 127 1048 160 ΜΒ.
1080 129 1136 158 11.
1198 124 1306 157 cAP.
1339 124 1407 157 vi.

471 215 736 271 prodigiosis
758 214 1011 269 corporibus
1033 211 1145 267 apud
1171 211 1380 266 quosdam
1403 211 1539 266 majus
1560 218 1626 252 est
1657 211 1861 268 pretium,

471 286 602 325 qnam
623 273 675 312 iis
696 286 792 326 quac
815 270 922 310 nihil
945 284 999 310 ex
1033 267 1276 309 communis
1311 267 1481 308 habitus
1514 269 1637 309 bonis
1659 270 1861 324 perdide*

470 338 598 368 runt:
630 335 759 382 atque
781 328 911 367 etiam
930 326 1002 380 qui
1021 324 1164 380 specie
1182 323 1425 379 capiuntur,
1445 324 1574 364 vulsis
1592 325 1859 380 laevatisque,

471 391 517 423 et
540 384 702 425 inustas
724 397 869 424 comas
892 397 971 422 acu
994 381 1284 430 comentibus,
1314 387 1359 420 et
1393 395 1479 421 non
1512 395 1589 421 suo
1622 381 1766 422 colore
1793 382 1860 422 ni-

471 441 590 490 udis,
622 440 718 495 plus
739 453 830 480 esse
864 439 1015 479 formae
1048 445 1216 493 putant,
1249 451 1379 491 quam
1413 437 1550 492 possit
1581 438 1769 478 tribuere
1791 438 1859 478 in·-

469 505 675 551 corrupta
695 504 873 537 natura:
906 503 954 535 ut
987 494 1237 550 pulcritudo
1270 495 1461 549 corporis
1494 494 1638 535 venire
1662 494 1858 547 videatur

470 568 526 594 ex
549 553 670 594 malis
690 553 900 593 moribus.
1821 568 1823 571 ·

529 610 624 651 Mc
661 609 802 650 solum
839 608 934 649 haec
969 608 1060 662 ipse
1094 606 1272 648 debebit
1305 605 1462 647 docere
1494 614 1750 662 praeceptor,
1781 605 1884 648 sedv

467 666 717 722 frequenter
749 667 1031 719 interrogare,
1063 673 1107 704 et
1132 664 1353 719 judiciuin
1391 663 1698 719 discipulorum
1723 678 1857 718 expe-

468 724 565 764 rir'ff
618 724 690 764 Sic
715 723 991 764 audientibus
1012 722 1217 762 securitas
1239 720 1394 769 aberit,
1424 734 1504 761 nec
1532 734 1629 774 quae
1658 720 1858 761 dicentur

469 781 734 836 superfluent
761 794 898 829 aures,
931 778 1144 832 simulque
1166 778 1219 818 ad
1252 777 1294 817 id
1325 777 1628 832 perducentur,
1659 777 1776 831 quod
1799 791 1856 818 ex

466 837 552 878 hoc
571 837 770 892 quaeritur
788 844 837 878 ut
856 836 1081 877 inveniant
1103 834 1200 890 ipsi,
1231 842 1273 874 et
1296 833 1558 889 intelligant.
1620 833 1734 874 Nam
1751 833 1856 889 quid

467 894 587 935 aliud
623 895 792 951 agimus
827 893 1029 935 docendo
1063 906 1154 943 eos,
1199 906 1328 947 quam
1368 905 1422 931 ne
1463 904 1632 947 semper
1666 890 1856 932 docendi

467 951 582 992 sint?

525 1007 627 1049 Hoc
663 1007 903 1064 diligentiae
939 1021 1073 1063 genus
1110 1004 1246 1046 ausim
1279 1004 1425 1046 dicere
1464 1003 1559 1059 plus
1597 1003 1853 1046 collaturum

467 1063 750 1115 discentibus,
793 1079 922 1119 quam
959 1078 1108 1104 omnes
1145 1062 1341 1103 omnium
1378 1063 1534 1103 Artes:
1567 1076 1662 1116 quae
1693 1062 1853 1116 juvant

466 1122 559 1162 sine
581 1123 715 1163 dubio
740 1123 948 1171 multum3
982 1119 1054 1160 sed
1081 1118 1232 1159 latiore
1254 1118 1437 1174 qu'adam
1463 1117 1852 1173 comprehensione

465 1192 544 1233 per
564 1193 713 1220 omnes
734 1178 909 1233 quidem
931 1176 1094 1232 species
1116 1189 1273 1224 rerum,
1305 1174 1501 1230 quotidie
1536 1188 1645 1229 pene
1671 1189 1852 1219 nascen-

469 1235 591 1286 tium,
624 1236 685 1276 ire
718 1234 789 1289 qui
828 1233 1033 1290 possunt?
1072 1233 1207 1281 Sicut,
1239 1232 1293 1272 de
1322 1246 1365 1272 re
1399 1231 1572 1272 militari
1605 1246 1852 1286 quanquam

465 1300 567 1333 sunt
601 1291 760 1333 tradita
790 1291 983 1347 quaedam
1015 1295 1235 1345 praccepta
1257 1290 1517 1338 communia,
1547 1288 1685 1343 magis
1709 1296 1853 1329 tamen

465 1350 659 1404 proderit
680 1349 803 1398 scire,
835 1363 919 1403 qua
942 1347 1100 1387 ducum
1122 1346 1302 1401 quisque
1324 1345 1506 1395 ratione,
1538 1345 1578 1384 in
1598 1345 1713 1399 quali
1736 1344 1852 1396 loco,

467 1414 678 1462 tempore,
709 1406 761 1445 sit
794 1420 892 1446 usus
921 1403 1151 1459 sapienter,
1185 1414 1258 1443 aut
1279 1411 1444 1444 contra.
1506 1401 1621 1443 Nam
1642 1402 1686 1443 in
1709 1403 1851 1442 omni-

464 1463 543 1504 bus
568 1464 655 1504 fere
676 1462 817 1504 minus
839 1461 984 1502 valent
1006 1469 1237 1516 praeccpta,
1271 1473 1399 1514 quam
1421 1460 1732 1514 experimenta.
1791 1459 1856 1501 At

465 1535 567 1561 vcro
601 1519 866 1562 declamabit
894 1518 1070 1573 quidem
1103 1524 1361 1572 praeceptor,
1394 1526 1442 1557 ut
1463 1519 1518 1557 sit
1539 1516 1742 1572 exemplo
1765 1516 1852 1558 suis

463 1578 759 1619 auditoribus:
793 1590 879 1616 non
907 1575 1001 1631 plus
1023 1574 1289 1615 contulerint
1312 1573 1412 1614 lecti
1436 1574 1589 1614 Cicero
1612 1588 1662 1614 ac
1685 1573 1851 1614 Demo·-

464 1635 665 1676 sthenes?
715 1633 968 1688 Corrigetur
999 1631 1156 1687 palam,
1190 1631 1224 1671 si
1253 1629 1356 1686 quid
1394 1631 1438 1670 in
1475 1629 1759 1671 declamando
1782 1630 1850 1671 di.-

464 1692 652 1747 scipulus
689 1691 918 1746 erraverit:
956 1704 1044 1730 non
1081 1687 1299 1743 potentius
1335 1687 1414 1727 erit
1447 1686 1678 1728 emendare
1715 1687 1851 1728 orati-

462 1751 620 1790 onem?
652 1748 755 1804 quin
789 1748 876 1787 imo
910 1747 1040 1786 etiam
1069 1744 1331 1800 jucundius:
1372 1744 1514 1785 aliena
1547 1744 1654 1784 enim
1677 1745 1849 1800 quisquc

460 1805 571 1847 vitia
595 1804 836 1861 reprehendi
858 1803 1019 1844 mavult
1042 1816 1167 1857 quam
1188 1815 1260 1841 sna
1279 1817 1291 1842 .·
1318 1814 1399 1842 nec
1421 1800 1601 1841 deerant
1616 1800 1740 1856 plura
1756 1816 1850 1856 quae

461 1862 679 1913 diceren13
713 1861 785 1901 sed
812 1861 1029 1901 neminem
1054 1859 1146 1899 haec
1170 1858 1329 1898 utilitas
1351 1857 1489 1912 fugit:
1523 1867 1652 1912 atque
1675 1862 1740 1910 (l)
1761 1859 1847 1900 uti-

461 1934 562 1961 nam
603 1928 687 1960 tam
725 1933 811 1960 non
847 1918 995 1974 pigeat
1025 1917 1166 1957 facere
1199 1915 1330 1964 istud,
1362 1929 1491 1970 quam
1524 1914 1610 1956 hoc
1643 1929 1732 1956 non
1760 1914 1848 1958 dis-

460 1977 666 2034 plicebit!
1824 2001 1828 2005 -

517 2033 597 2074 VI.
644 2030 821 2079 QUOD
865 2030 898 2072 si
941 2029 1133 2086 potuerit
1172 2028 1377 2079 obtineri,
1427 2043 1514 2070 non
1562 2029 1622 2070 ita
1660 2029 1847 2072 difficilis

458 2090 668 2146 supererit
690 2089 889 2144 quaestio,
920 2087 993 2143 qui
1028 2086 1202 2142 legendi
1237 2087 1322 2126 sint
1347 2086 1668 2142 incipientibus.
1730 2086 1846 2128 Nam

457 2148 634 2203 quidam
656 2146 751 2187 illos
769 2147 971 2195 minores,
990 2144 1090 2199 quia
1110 2143 1278 2184 facilior
1299 2157 1447 2183 eorum
1465 2142 1707 2184 intellectus
1724 2143 1846 2185 vide-

458 2205 600 2253 batur,
635 2205 951 2259 probaverunt3
999 2201 1069 2241 alii
1103 2200 1298 2241 floridius
1332 2214 1483 2255 genus,
1515 2208 1562 2240 ut
1597 2199 1652 2240 ad
1688 2199 1846 2242 alenda

457 2262 690 2317 primarum
715 2267 892 2301 aetatum
927 2257 1103 2312 ingenia
1130 2257 1267 2313 magis
1290 2256 1685 2298 accommodatum.
1746 2257 1845 2314 Ego

458 2318 649 2374 opt-imos
670 2316 862 2372 quidem,
893 2325 935 2356 et
958 2314 1118 2363 statim,
1148 2325 1191 2354 et
1213 2328 1396 2369 semper,
1429 2313 1503 2355 sed
1526 2320 1670 2354 tamen
1694 2327 1845 2356 eorum

456 2375 813 2416 candidissimum
829 2386 1059 2428 quemque,
1081 2381 1124 2411 et
1142 2371 1329 2411 maxime
1346 2370 1593 2425 expositum
1607 2370 1764 2422 velim3
1798 2380 1845 2413 ut

459 2432 630 2474 Livium
652 2446 675 2471 a
698 2431 838 2486 pueris
862 2431 998 2484 magis
1016 2442 1144 2482 quam
1164 2426 1438 2468 Sallustium:
1473 2436 1516 2468 et
1533 2429 1595 2479 (Q)
1616 2426 1688 2468 hic
1708 2427 1846 2469 histo-

456 2490 531 2530 riae
556 2488 690 2543 major
711 2495 778 2528 est
797 2496 972 2536 auctor;
1005 2485 1058 2525 ad
1080 2499 1209 2540 quem
1230 2492 1374 2524 tamen
1398 2483 1731 2540 intelligendum
1747 2485 1844 2541 jam

453 2545 656 2603 profectu
692 2559 800 2601 opus
837 2543 906 2584 sit.
969 2541 1140 2593 Cicero,
1173 2549 1221 2582 ut
1251 2541 1359 2582 mihi
1380 2541 1558 2597 quidem
1578 2541 1766 2593 videtur,
1797 2551 1843 2584 et

501 2654 550 2692 (1)
575 2653 709 2683 Utinam
735 2657 759 2683 t.
778 2661 809 2682 n.
829 2662 860 2690 p.
888 2648 1104 2691 (prcrcepfores)
1128 2647 1149 2679 f.
1180 2647 1269 2678 istud
1302 2647 1479 2689 (emendare
1505 2653 1654 2689 corruptas
1675 2653 1705 2679 et
1726 2648 1844 2680 vitiosas

452 2696 618 2736 oraliones)
637 2705 739 2736 quam
757 2698 818 2725 hoc
838 2695 957 2736 (ehem
975 2693 1045 2723 vitia
1061 2691 1252 2731 reprehendi)
1272 2702 1335 2722 non
1351 2693 1550 2731 displicebit.
1599 2693 1634 2723 Ο.

500 2741 552 2781 (Q)
577 2739 759 2776 Sallustius,-
783 2740 824 2769 de
837 2749 902 2778 quo
919 2736 1083 2770 Martialis
1099 2736 1280 2778 (Epigram.
1299 2737 1389 2768 XIV.
1414 2737 1501 2778 191.)
1546 2737 1682 2779 Crispus
1694 2737 1843 2770 Romana

446 2783 563 2826 primus
577 2785 611 2816 in
628 2784 772 2815 historia.
824 2783 858 2816 0.
