2010 3382
380 512 478 580 M.
532 512 790 581 FABII
843 513 1082 590 QUIN
1088 513 1470 580 TILIANI

746 696 1118 764 (nv1TA.

226 877 538 946 MARCUS
565 897 744 946 Fabius
773 896 1114 953 Quintilianus
1146 897 1318 945 Romae
1341 901 1488 944 natus
1512 903 1614 946 est:

211 982 406 1049 'quibus
451 984 768 1043 Consulibus,
809 993 896 1032 aut
943 1001 1045 1047 quo
1091 983 1364 1046 imperante
1407 984 1612 1044 Caesare,

223 1084 328 1115 non
353 1066 465 1131 legi.
506 1066 776 1115 Verissima
800 1065 1094 1130 conjectura
1114 1065 1353 1123 adducor,
1383 1074 1440 1113 ut
1465 1066 1614 1114 fidem

221 1148 357 1197 libris
380 1159 657 1211 temporum
682 1164 780 1195 non
801 1148 1023 1206 habeam,
1064 1146 1150 1195 ubi
1169 1147 1352 1211 legitur
1373 1147 1613 1203 Quintili-

220 1247 344 1278 anus
372 1231 620 1294 Calagum
654 1230 774 1277 urbe
813 1229 1065 1292 Hispaniae
1091 1229 1354 1277 oriundus:
1393 1246 1508 1277 nam
1535 1230 1607 1278 Μ.

223 1311 448 1359 Valerius
470 1311 723 1369 MartiaIiS,
752 1310 1211 1375 Calaguritaniagri
1232 1311 1472 1370 alumnuS,
1498 1328 1614 1360 cum

221 1394 395 1442 Iberos
420 1392 656 1440 memoria
694 1393 873 1457 dignos
910 1392 1009 1439 suis
1047 1392 1502 1457 Epigrammatibus
1536 1392 1612 1440 in-

217 1484 359 1533 serat,
400 1476 583 1522 nullam
610 1475 671 1522 de
693 1473 1008 1530 Quintiliano
1034 1474 1336 1523 mentionem
1358 1475 1495 1537 facit,
1525 1475 1610 1523 sed

217 1572 332 1605 eum
358 1555 620 1619 separatim
647 1572 761 1603 cum
787 1555 1104 1604 veneratione
1127 1556 1376 1604 nominat:

390 1683 680 1734 Quintiliane,
702 1699 823 1741 vagae
842 1684 1091 1725 moderator
1110 1686 1478 1741 szcmmejuventae,

443 1757 602 1800 Gloria
622 1757 833 1804 Romame
850 1757 1122 1804 Quintiliane
1145 1765 1251 1815 togae
1268 1760 1284 1800 !

213 1878 280 1929 Et
305 1877 407 1942 ipse
433 1879 570 1937 (licit,
591 1897 704 1928 cum
725 1887 851 1928 esset
876 1879 1289 1940 adolescentulus,
1310 1882 1607 1945 cognovisse

212 1960 493 2009 Domitium
542 1961 734 2021 Afrum,
776 1972 826 2009 et
873 1963 1130 2013 Senecam:
1183 1962 1267 2026 qui
1317 1964 1463 2011 ambo
1511 1967 1605 2016 sub

213 2041 416 2090 Nerone
440 2043 637 2107 periere.
679 2045 874 2102 Seneca,
904 2043 952 2090 in
981 2045 1104 2091 libro
1121 2053 1264 2093 sexto
1283 2046 1599 2108 divisionum,

211 2124 509 2181 Quintiliani
559 2126 902 2181 declamatoris
949 2127 1188 2185 meminit,
1245 2127 1390 2191 cujus
1436 2129 1603 2179 adhuc

208 2214 384 2253 extant
408 2208 574 2255 multae
595 2195 978 2262 declamationes
1004 2217 1163 2258 acutae
1182 2217 1232 2256 et
1257 2208 1440 2268 breveS,
1470 2213 1602 2275 stylo

207 2288 569 2351 aliquantulum
610 2290 892 2344 remissiore.
970 2291 1019 2344 Is
1057 2308 1176 2338 avus
1212 2291 1309 2339 fuit
1348 2294 1418 2340 M.
1462 2294 1600 2342 Fabii

211 2369 531 2425 Quintiliani:
583 2371 665 2434 qui
712 2373 883 2425 Romae
926 2373 1095 2419 multis
1137 2373 1277 2420 annis
1320 2373 1600 2425 rhetoricen

209 2467 322 2498 cum
360 2468 550 2500 summa
587 2452 731 2501 laude
760 2453 950 2502 (locuit.
1023 2454 1088 2504 Et
1117 2454 1218 2520 ipse
1243 2473 1408 2503 rursus
1436 2458 1600 2513 Quin-

208 2533 406 2579 tilianus
456 2535 759 2583 mentionem
807 2535 931 2583 facit
978 2535 1142 2600 patriS,
1186 2537 1271 2600 qui
1315 2539 1598 2590 causidicus

207 2613 303 2662 fuit
330 2615 458 2678 apud
484 2615 775 2684 principem.
835 2617 1018 2680 Neque
1042 2618 1234 2677 notitia,
1264 2636 1422 2683 neque
1437 2621 1600 2684 gratia

250 2762 302 2799 (1)
327 2761 431 2801 Cujus
448 2763 500 2799 sit,
525 2764 705 2800 ignoratur.
753 2766 908 2796 Nondum
938 2771 1031 2797 extat
1061 2766 1092 2798 in
1118 2767 1316 2798 Jensoniana
1341 2767 1506 2802 editione}
1534 2770 1599 2802 vidi

203 2820 262 2864 qui
281 2821 384 2852 Vallae
397 2822 568 2855 tribueret.
617 2824 741 2855 Gesner.

855 2890 940 2928 A4
