2015 3341
451 135 511 177 80
935 144 1036 190 tm.
1069 145 1102 175 1.
1165 144 1276 175 cAr’.
1308 142 1359 174 x.

508 231 646 283 Quid,
679 232 796 287 quod
835 247 880 273 se
916 232 1070 273 eadem
1105 232 1346 287 geometria
1379 231 1493 274 tollit
1528 233 1584 275 ad
1619 232 1834 276 rationem

450 302 587 343 usque
608 289 785 330 mundi:
818 289 862 329 in
884 304 970 344 qua
995 303 1094 329 cum
1118 289 1304 329 siderum
1327 297 1468 330 certos
1489 291 1834 353 constitutosque

451 359 600 385 cursus
636 345 826 385 numeris
854 345 1000 393 docet,
1031 344 1237 384 discimus
1269 345 1399 385 nihil
1410 360 1502 386 esse
1537 346 1833 388 inordinatum

450 410 582 455 atque
603 400 846 450 fortuitum,
877 401 994 456 quod
1023 401 1166 455 ipsum
1199 415 1511 457 nonnunquam
1542 404 1756 457 pertinere
1778 403 1833 443 ad

451 467 667 497 01··at01e1n
712 465 868 511 potest.
929 457 998 498 An
1031 471 1150 507 xero,
1189 471 1289 498 cum
1324 457 1516 499 Pericles
1546 458 1836 500 Athenienses

451 513 552 553 solis
574 514 879 555 obscuratione
903 514 1090 563 territos,
1119 513 1301 554 redditis
1322 513 1414 569 ejus
1437 515 1496 555 rei
1530 516 1685 565 causis,
1715 523 1836 556 metu

451 568 681 621 liberaxit3
713 580 789 610 aut
809 585 906 611 cum
945 570 1156 633 §ulpitius
1191 571 1262 611 ille
1285 569 1435 612 Gallus
1473 571 1516 611 in
1552 572 1747 612 exercitu
1784 572 1834 612 L.

451 626 577 667 Pauli
615 626 670 667 de
708 626 837 667 Lunae
874 626 1121 668 delectione
1157 626 1374 678 disseruit,
1404 642 1460 668 ne
1480 626 1600 668 velut
1630 628 1834 684 prodigio

451 683 661 724 divinitus
699 682 818 724 facto
854 683 1040 724 militum
1077 682 1210 724 animi
1247 691 1522 733 terrerentur,
1553 698 1640 724 non
1665 663 1837 726 videtur

450 754 543 781 esse
557 755 656 780 usus
673 741 854 780 oratoris
871 741 1044 782 officio?
1075 741 1205 786 Quod
1223 741 1257 781 si
1278 740 1453 782 Nicias'
1444 755 1487 781 in
1501 740 1653 781 Sicilia
1670 741 1836 791 scisset,

449 811 536 838 non
553 796 707 838 eodem
718 796 922 839 confusus
938 804 1055 839 metu
1073 796 1405 853 pulcherrimum
1417 797 1749 839 Atheniensium
1760 812 1839 839 ex-

450 854 635 895 ercitum
651 854 932 910 perdidisset:
958 854 1070 896 sicut
1089 854 1328 904 Dion,cum
1340 855 1393 896 ad
1408 854 1713 896 destruendam
1727 854 1837 896 Dio-

451 924 510 966 ny
515 911 565 951 sii
589 911 862 966 tyrannidem
883 911 1020 961 venit,
1041 925 1130 952 non
1152 919 1217 952 est
1238 911 1313 952 tali
1335 926 1436 953 casu
1455 911 1698 952 deterritus.
1740 912 1839 953 Sint

450 967 656 1023 exempla
675 968 780 1009 licet
801 983 901 1009 usus
916 943 1083 1018 bellici,
1106 975 1456 1032 transeamusque
1475 968 1588 1023 quod
1609 968 1838 1009 Archime-

453 1025 529 1066 dcs
548 1040 655 1065 unus
672 1025 946 1088 obsidionem
964 1025 1332 1080 Sy··'1acusa1um1n
1348 1025 1522 1081 longius
1541 1026 1694 1066 traxit.
1726 1023 1841 1066 illud

452 1081 601 1137 utique
617 1082 709 1136 jam
726 1081 950 1138 proprium
963 1090 1044 1132 est,
1062 1082 1116 1122 ad
1134 1081 1409 1122 efficiendum
1424 1061 1540 1137 quod
1555 1082 1839 1145 intendimus,

450 1137 658 1195 plurimas
681 1139 957 1194 quaestiones,
987 1153 1168 1194 qualum
1190 1138 1409 1179 difficilior
1440 1139 1527 1179 alia
1558 1139 1729 1180 ratione
1759 1153 1838 1180 ex-

450 1195 631 1250 plicatio
653 1205 731 1245 est,
763 1204 811 1235 ut
832 1195 886 1235 de
918 1195 1085 1236 ratione
1114 1194 1353 1245 dividendi,
1383 1196 1437 1236 de
1460 1196 1652 1236 sectione
1675 1196 1716 1236 in
1743 1195 1840 1236 infi-

451 1253 608 1301 nitum,
640 1252 694 1292 de
724 1251 946 1292 celeritate
967 1251 1173 1316 augendi,
1205 1251 1437 1293 linearibus
1461 1251 1543 1292 illis
1566 1252 1838 1315 probationi-

449 1306 533 1349 bus
568 1308 676 1349 solvi
714 1307 879 1349 soler-,e
910 1316 973 1358 ut,
1004 1310 1036 1349 si
1059 1317 1125 1349 est
1145 1309 1306 1349 oratori
1342 1309 1476 1364 (quod
1513 1323 1737 1364 proxunus
1759 1308 1837 1350 de-

450 1365 712 1406 monstrabit
726 1365 848 1429 liber)
867 1365 921 1407 de
935 1365 1136 1406 omuibus
1154 1366 1280 1407 rebus
1297 1365 1548 1417 dicendum,
1567 1365 1686 1407 nullo
1702 1366 1838 1408 modo

453 1423 544 1463 sine
567 1423 806 1478 geometria
827 1437 918 1462 esse
940 1423 1077 1477 possit
1099 1429 1258 1463 orator.

511 1457 593 1521 X.
608 1479 736 1520 DAN
749 1478 827 1520 DU
836 1479 885 1520 M
907 1479 1070 1542 aliquid
1093 1479 1298 1520 comoedo
1315 1493 1504 1536 quoque,
1534 1479 1639 1522 dum
1660 1486 1838 1522 eatenus

451 1551 538 1591 qua
578 1535 888 1592 pronuntiandi
939 1536 1165 1578 scientiam
1210 1536 1377 1578 futurus
1419 1545 1565 1578 or·at01
1605 1537 1838 1583 desideistat

453 1593 556 1634 Non
574 1594 688 1634 enim
710 1607 907 1649 puerum,
929 1608 1059 1657 quem
1078 1594 1120 1634 in
1139 1593 1222 1634 hoc
1244 1593 1524 1644 instituimus,
1547 1604 1622 1635 aut
1636 1595 1838 1636 femineae

452 1650 574 1691 xoeis
611 1650 808 1691 exilitate
844 1649 986 1705 frangi
1024 1650 1140 1699 vol0,
1170 1659 1245 1691 aut
1268 1649 1461 1691 seniliter
1482 1659 1681 1692 tr.emere
1742 1651 1839 1692 Nec

453 1708 559 1748 titia
579 1708 802 1748 ebrietatis
825 1707 1030 1763 effingam
1062 1722 1142 1748 nec
1163 1707 1307 1748 servili
1330 1707 1574 1749 xernilitate
1593 1708 1836 1750 imbuatur·
1826 1741 1838 1759 ,

452 1778 534 1809 nec
557 1764 731 1814 amoris,
762 1764 970 1813 avaritiae,
1000 1740 1142 1805 metus
1159 1763 1298 1805 discat
1318 1764 1549 1806 affectum:
1580 1780 1676 1821 quae
1698 1778 1839 1820 neque

452 1822 615 1862 oratori
653 1828 753 1862 sunt
787 1821 1042 1871 necessaria,
1073 1828 1119 1861 et
1150 1831 1341 1863 mentem
1374 1823 1594 1877 praecipue
1631 1822 1674 1862 in
1711 1829 1840 1863 aetate

453 1879 594 1942 prima
615 1885 807 1918 teneram
829 1877 972 1919 adhuc
995 1887 1037 1919 et
1058 1877 1209 1918 tudem
1230 1878 1444 1920 inficiunt.
1505 1879 1548 1919 Ν
1552 1893 1620 1920 am
1639 1878 1840 1935 fnequens

453 1935 642 1976 imitatio
679 1935 832 1975 transit
869 1935 912 1975 in
945 1948 1101 1976 mores.
1161 1934 1229 1976 Ne
1251 1943 1398 1990 gestus
1419 1935 1596 1990 quidem
1627 1936 1767 1977 omnis
1788 1947 1842 1978 ae

453 2000 600 2032 motus
615 2007 639 2032 ιι
655 1991 869 2032 comoedis
891 1991 1102 2047 petendus
1120 1998 1199 2032 est.
1259 1992 1520 2047 Quanquam
1538 1993 1652 2033 euim
1671 2000 1840 2034 utrum-

453 2062 538 2103 que
559 2063 708 2089 eorum
730 2049 783 2089 ad
806 2049 1023 2104 quendam
1058 2046 1239 2089 modum
1273 2059 1479 2104 praestare
1515 2049 1646 2090 debet
1667 2056 1837 2092 orator·
1826 2081 1838 2101 ,

453 2105 688 2160 plurimum
712 2114 856 2146 tamen
877 2106 1015 2146 aberit
1037 2120 1062 2146 a
1089 2106 1288 2156 scenico;
1319 2119 1401 2147 nec
1422 2106 1561 2156 vultu,
1591 2120 1672 2148 nec
1692 2120 1841 2157 manu,

455 2176 536 2203 nec
559 2163 887 2203 excursionibus
916 2163 1090 2204 nimius.
1151 2162 1267 2204 Nam
1287 2161 1318 2202 si
1341 2177 1425 2218 qua
1445 2163 1489 2204 in
1510 2163 1578 2205 his
1598 2177 1666 2204 ars
1686 2170 1752 2205 est
1772 2162 1841 2208 di<-

454 2221 664 2269 centium,
694 2234 745 2260 ea
754 2220 905 2284 ‘prima
925 2227 1005 2269 est,
1037 2233 1090 2260 ne
1107 2233 1173 2259 ars
1194 2233 1285 2260 esse
1307 2219 1516 2261 videatur.

513 2276 644 2321 Quod
666 2283 732 2316 est
753 2276 885 2331 igitur
918 2277 962 2317 in
992 2252 1062 2316 ’his
1094 2275 1285 2317 doctoris
1317 2276 1539 2318 officium?
1599 2274 1652 2317 In
1673 2276 1852 2332 primis,

454 2331 562 2373 vitia
594 2334 627 2374 si
655 2348 742 2388 qua
773 2341 872 2373 5ιιιιι
903 2333 1003 2381 οιί5,
1035 2332 1264 2374 emendet:
1295 2340 1344 2374 ut
1363 2348 1567 2389 expressa
1585 2334 1673 2374 sint
1692 2336 1840 2387 verba,

454 2397 506 2430 ut
527 2390 613 2430 suis
639 2404 823 2445 quaeque
860 2389 997 2431 liteiae
1033 2390 1150 2430 sonis
1185 2389 1481 2431 enuntientur.
1541 2390 1841 2436 Quarumdam

454 2446 574 2487 enim
609 2446 678 2488 vel
714 2447 910 2488 exilitate
941 2447 1007 2487 vel
1046 2447 1361 2501 pinguetudine.
1397 2447 1532 2488 nimia
1565 2447 1810 2491 laboramus
1826 2464 1840 2490 z

455 2503 664 2557 quasdam
697 2503 814 2544 velut
846 2503 1031 2544 acriores
1054 2518 1202 2559 parum
1229 2507 1290 2556 (1)
1313 2503 1538 2554 efficimus,
1570 2511 1614 2545 et
1635 2504 1729 2545 aliis
1750 2520 1840 2548 non

456 2559 737 2602 dissimilibus
757 2561 831 2601 sed
848 2561 967 2616 quasi
986 2560 1280 2601 hebetioribus
1297 2568 1605 2615 permutamus.
1664 2562 1841 2619 Quippe

455 2638 474 2672 g
497 2616 649 2668 literae,
681 2632 766 2673 qua
787 2617 1106 2659 Demosthenes
1125 2631 1297 2672 quoque
1319 2616 1547 2665 laboravit,
1575 2628 1598 2657 λ
1618 2620 1838 2661 succedit:

455 2687 638 2729 quarum
654 2675 717 2716 vis
734 2682 799 2716 est
819 2675 933 2731 apud
955 2689 1034 2716 nos
1055 2688 1241 2730 quoque.
1302 2673 1359 2715 Et
1380 2689 1478 2715 cum
1501 2689 1538 2726 c,
1569 2690 1620 2717 ac
1640 2675 1841 2719 similiter

462 2804 556 2887 ἴω)
572 2804 647 2838 Nou
660 2805 761 2848 plane
777 2811 811 2838 et
827 2807 977 2839 absolute
992 2807 1256 2849 pronuntiamus,
1291 2809 1353 2842 Alii
1366 2809 1501 2853 legunt:
1527 2809 1685 2852 efferimus,
1696 2810 1843 2852 efflamus,

453 2857 472 2878 G
497 2858 590 2880 amul:
