2015 3341
592 62 653 90 DE
688 60 888 89 GENERE
925 59 1152 89 meeum.
1481 53 1564 93 375

176 150 330 194 borum
361 153 670 209 proprietatem
694 152 958 203 elaboraret3
992 150 1082 201 sed,
1115 165 1213 192 cum
1237 148 1394 191 debeat
1422 149 1565 191 delec-

175 216 284 259 tare,
317 225 506 259 movere,
537 212 578 252 in
612 211 817 266 plurimas
846 211 1035 250 animum
1058 208 1271 249 audientis
1294 207 1458 261 species
1481 207 1563 247 im-

176 266 354 319 pellere,
387 275 530 308 utetur
552 268 602 308 iis
623 282 793 322 quoque
816 265 1056 321 adjutoriis,
1089 279 1184 318 quae
1207 265 1260 304 ab
1282 264 1433 303 eadem
1463 272 1563 304 sunt

176 323 302 363 nobis
335 339 536 364 concessa
569 335 732 365 natura.
795 324 908 363 Nam
949 333 993 362 et
1031 321 1212 361 lacertos
1249 320 1560 361 exercitatione

171 380 487 435 constringere,
510 391 552 421 et
566 395 723 436 augere
740 379 864 429 vires,
885 386 928 419 et
951 376 1143 418 colorem
1163 377 1344 426 trahere,
1368 377 1560 417 naturale

175 443 253 476 est.
316 437 508 492 Ideoque
542 437 583 477 in
608 437 807 478 omnibus
837 435 1039 492 gentibus
1073 434 1182 474 alius
1214 434 1299 474 alio
1332 433 1561 474 facundior

170 491 372 541 habetur,
402 505 444 534 et
468 493 713 548 eloquendo
734 493 869 533 duleis
891 492 1044 547 magiS.
1103 490 1234 535 Quod
1260 491 1292 530 si
1312 504 1397 530 non
1415 492 1560 531 eveni-

172 557 253 599 ret,
284 564 432 590 omnes
457 565 576 605 pares
593 557 753 599 essent,
784 559 828 589 et
856 548 970 589 idem
1001 561 1150 588 omnes
1169 548 1357 588 deceret.
1417 546 1556 587 Atlo-

168 614 376 660 quuntur,
410 617 453 647 et
469 616 638 647 servant
669 619 944 662 personarum
966 605 1220 655 discrimeu3
1251 604 1312 644 ita
1331 619 1417 659 quo
1439 605 1556 660 quis-

168 676 253 715 que
296 663 390 717 plus
426 663 560 704 efficit
595 663 798 712 dicende,
832 663 913 703 hoc
948 661 1084 716 magis
1118 660 1354 702 seeundum
1390 670 1555 702 naturae

166 718 458 774 eloquentiam
482 720 603 761 dicit.
661 720 940 774 ‘Quapropter
963 732 1015 757 ne
1053 717 1134 770 illis
1162 717 1338 772 quidem
1372 719 1554 759 nimium

169 789 382 832 repugnO,
413 777 486 830 qui
519 776 710 817 dandum
740 783 894 831 putant
922 774 1126 822 nonnihil
1157 788 1248 814 esse
1288 776 1554 830 temporibus

164 843 298 888 atque
332 833 520 883 auribus,
554 833 733 874 nitidius
766 832 927 887 aliquid
962 839 1091 885 atque
1124 833 1186 883 (l)
1224 830 1420 872 effectius
1452 846 1553 887 pos-

168 889 422 932 tulantibus⁰
503 890 654 945 Itaque
711 903 798 930 non
858 888 997 929 solum
1054 887 1106 928 ad
1167 887 1330 942 priores
1384 887 1553 930 Catone

163 945 478 1001 Gracchisque,
530 947 604 987 sed
656 960 710 987 ne
760 945 813 987 ad
862 945 940 986 lios
977 944 1154 999 quidem
1195 954 1409 985 oratorem
1460 945 1554 987 alli-

165 1003 357 1057 gandum
406 1011 525 1058 puto.
601 1004 745 1058 Atque
791 1002 834 1044 id
876 1002 1026 1043 fecisse
1069 1000 1138 1042 M.
1178 1000 1364 1043 Tullium
1411 1003 1553 1054 video,

162 1068 229 1110 ut,
261 1075 358 1101 cum
383 1061 528 1101 omnia
551 1060 743 1111 utilitati,
777 1068 866 1100 tum
903 1066 1065 1114 partem
1088 1058 1306 1113 quandam
1324 1057 1552 1102 delectati-

164 1117 236 1156 oni
273 1117 410 1166 daret,
443 1133 538 1158 cum
574 1129 617 1158 et
652 1118 787 1173 ipsam
817 1131 859 1156 se
894 1131 983 1157 rem
1017 1129 1145 1171 agere
1181 1115 1345 1157 diceret
1373 1118 1554 1172 (agebat

165 1183 309 1215 autem
328 1173 533 1226 maxime)
557 1174 803 1230 litigatoris.
836 1173 948 1213 Nam
972 1171 1056 1212 hoc
1077 1173 1171 1228 ipso
1190 1173 1410 1227 proderat,
1432 1175 1550 1229 quod

160 1229 380 1285 placebat.
440 1231 507 1271 Ad
538 1231 660 1286 cujus
683 1231 925 1286 voluptates
953 1228 1061 1269 nihil
1084 1230 1284 1284 equidem
1307 1230 1421 1285 quod
1447 1232 1551 1273 addi

160 1289 298 1341 possit
320 1288 510 1338 invenio,
541 1289 619 1329 nisi
646 1298 692 1329 ut
713 1302 857 1328 sensus
878 1301 955 1327 nos
977 1285 1153 1341 quidem
1174 1286 1368 1327 dicamus
1390 1287 1548 1343 plures.

161 1343 316 1399 Neque
330 1345 444 1386 enim
467 1345 556 1386 fieri
579 1353 720 1400 potest
741 1344 856 1385 salva
870 1343 1126 1384 tractatione
1140 1358 1296 1394 causae,
1314 1345 1549 1387 etdicendi

151 1402 436 1452 auctoritate,
469 1403 500 1442 si
520 1403 671 1443 cre-'ora
693 1401 786 1443 haec
813 1401 978 1442 lui-nina
1000 1409 1048 1440 et
1069 1401 1277 1442 continua
1293 1400 1468 1452 fuerint,
1502 1411 1551 1445 ut

160 1471 249 1498 non
270 1459 456 1499 invicem
479 1458 720 1500 offecerint.
753 1458 837 1499 Sed
857 1473 925 1498 me
948 1457 1155 1497 hacteuus
1172 1457 1399 1499 cedentem
1420 1474 1548 1502 nemo

159 1515 410 1570 insequatur
449 1515 584 1557 ultra:
627 1516 686 1557 do
721 1515 921 1570 tempori,
952 1529 1005 1554 ne
1039 1529 1183 1555 crassa
1215 1522 1319 1571 toga
1353 1516 1430 1568 sit3
1461 1531 1552 1562 non

161 1572 318 1613 serica:
352 1586 405 1613 ne
428 1571 645 1614 intonsum
669 1582 823 1628 caput3
859 1586 942 1612 non
973 1571 1014 1612 in
1037 1571 1194 1626 gradus
1216 1580 1346 1630 atque
1368 1575 1547 1616 annulos

158 1636 299 1669 totum
322 1637 542 1671 comtum:
576 1645 672 1671 cuni
693 1631 736 1670 in
755 1644 823 1678 eo,
854 1630 925 1683 qui
951 1643 994 1668 se
1013 1643 1096 1671 n-on
1120 1628 1171 1668 ad
1192 1628 1405 1671 luxuriam
1423 1646 1473 1672 ac
1494 1631 1548 1672 li-

161 1685 352 1727 bidinem
396 1685 569 1736 referat,
612 1687 765 1727 eadem
800 1686 1060 1741 speciosiora
1101 1700 1272 1740 quoque
1315 1687 1416 1737 sint,
1448 1704 1545 1744 quae

155 1742 417 1783 honestiora.
479 1743 697 1784 Caeterum
721 1744 803 1784 hoc
821 1743 935 1797 quod
954 1742 1084 1797 vulgo
1101 1743 1324 1787 sententias
1341 1759 1545 1787 vocamus

160 1800 392 1850 (veteribus
435 1801 738 1856 praecipueque
772 1800 939 1840 Graecis
980 1800 1022 1839 in
1060 1815 1138 1840 usu
1178 1814 1265 1843 non
1299 1799 1398 1851 fuit,
1429 1802 1545 1861 apud

153 1856 414 1898 Ciceronem
448 1858 641 1909 invenio)
665 1857 766 1898 dum
803 1872 892 1897 rem
924 1857 1192 1906 contineant,
1224 1866 1268 1896 et
1297 1859 1425 1917 copia
1455 1874 1545 1901 non

154 1913 415 1963 redundent,
447 1924 492 1956 et
523 1914 574 1955 ad
619 1914 843 1955 victoriam
880 1921 1093 1969 spectent,
1124 1914 1217 1968 quis
1250 1914 1355 1957 utile
1387 1919 1544 1973 neget?

153 1970 333 2011 Feriunt
354 1972 561 2021 animum,
580 1978 624 2011 et
646 1986 731 2012 uno
757 1972 844 2011 ictu
864 1970 1110 2025 frequenter
1128 1970 1372 2026 impellunt,
1387 1982 1434 2013 et
1452 1975 1545 2030 ipsa

150 2027 363 2068 brevitate
386 2028 523 2084 magis
544 2028 720 2078 haerent,
752 2035 795 2068 et
812 2027 1004 2068 dictione
1020 2029 1298 2086 persuadent.
1358 2029 1423 2072 Ac
1444 2040 1545 2072 sunt

154 2084 225 2138 qui
251 2084 345 2126 haec
367 2085 625 2125 excitatiora
655 2085 833 2135 lumina,
865 2085 996 2125 etiam
1025 2085 1057 2125 si
1089 2084 1238 2127 dicere
1272 2087 1541 2141 permittant,

153 2156 178 2181 a
199 2142 508 2197 componendis
526 2149 670 2182 tamen
689 2141 957 2185 orationibus
972 2141 1246 2184 excludenda
1267 2141 1541 2187 arbitrentur.

149 2198 371 2243 Quocirca
391 2199 496 2239 mihi
530 2213 584 2239 ne
612 2198 683 2239 hic
704 2199 878 2253 quidem
906 2199 1026 2239 locus
1044 2199 1235 2239 ‘intactus
1253 2207 1317 2239 est
1335 2201 1543 2243 omittem-

150 2255 248 2303 dus,
265 2255 380 2310 quod
406 2255 546 2310 plures
569 2256 834 2296 eruditorum
855 2255 980 2296 aliam
1005 2270 1096 2296 esse
1114 2255 1287 2296 dicendi
1310 2258 1540 2310 rationem,

151 2311 278 2352 aliam
303 2312 519 2353 scribendi
552 2320 835 2367 putaveruntf,
869 2312 1054 2368 ideoque
1088 2313 1130 2354 in
1158 2313 1329 2368 agendo
1353 2313 1541 2361 clarissi-

150 2382 244 2408 mos
267 2368 474 2423 quosdam
498 2368 602 2409 nihil
633 2370 872 2425 posteritati
908 2370 1201 2425 mansurisque
1221 2381 1318 2426 post
1338 2386 1381 2411 se
1404 2372 1539 2419 literis

151 2425 392 2479 reliquisse,
425 2433 473 2466 ut
514 2426 742 2477 Periclem,
775 2436 819 2467 et
856 2426 1122 2478 'Demadem3
1156 2442 1297 2468 rursus
1331 2428 1452 2479 alios,
1483 2431 1539 2473 ad

150 2482 502 2536 componendum
526 2483 730 2538 optimas,
751 2484 996 2524 actionibus
1017 2484 1198 2524 idoneos
1220 2499 1306 2525 non
1329 2486 1474 2538 fuisse,
1492 2498 1541 2533 ut

149 2538 412 2581 isocratem:
446 2549 654 2594 praeterea
675 2540 718 2580 in
737 2540 908 2596 agendo
931 2540 1026 2596 plus
1055 2541 1265 2597 impetum
1300 2557 1425 2598 posse
1448 2547 1542 2600 ple-

195 2628 246 2667 (1)
271 2630 319 2658 Ita
336 2629 433 2658 Goth.
448 2628 573 2668 pulcre!
597 2633 635 2659 ut
652 2636 740 2660 recte.
757 2630 924 2660 admirans
946 2631 991 2661 ait
1007 2633 1193 2661 Gesnerus:
1219 2632 1356 2671 affec-lius
1372 2637 1405 2663 et
1418 2634 1543 2672 qff'ecta-

149 2671 208 2701 rim
236 2672 277 2702 al.
296 2676 478 2711 utrumque
494 2673 670 2710 vitiosum3
697 2675 754 2704 sed
781 2675 844 2711 legi
875 2679 1031 2712 potue-rat
1057 2675 1212 2712 efficacias.
1259 2677 1447 2711 Auctoritas
1465 2689 1541 2712 vcro

143 2716 247 2746 Goth.
267 2716 344 2746 satis
360 2716 456 2747 firma
473 2721 540 2747 est-2
569 2722 601 2747 et
619 2717 732 2758 placet
749 2717 838 2747 verbi
857 2718 1033 2756 elegantia.
1061 2720 1095 2750 0.

775 2761 899 2804 nbat
