2015 3341
489 133 553 164 DE
589 132 877 164 DELIGENDO
911 128 1262 160 PRAECEPTORE.
1510 118 1566 157 41

182 221 380 278 quisque,
413 221 446 263 si
483 221 594 263 forte
632 223 712 262 iter
748 235 845 262 cum
876 218 1059 276 parvulo
1091 218 1238 266 faciat,
1274 215 1350 257 det
1376 228 1570 265 manum,

182 288 230 319 et
251 280 431 334 grad-uui
455 295 577 320 suum
602 281 781 328 minuat,
815 293 893 318 nec
915 275 1123 332 procedat
1144 275 1256 315 ultra
1277 287 1405 327 quam
1427 287 1572 312 comes

183 336 335 392 possit.
397 336 532 386 Quid,
563 337 597 376 si
631 336 885 391 plerumque
919 333 1093 382 accidit,
1125 339 1174 372 ut
1194 330 1390 371 faciliora
1411 329 1496 369 sint
1516 329 1572 370 ad

184 393 539 449 intelligendum,
571 404 615 433 et
636 392 847 432 lucidiora
865 390 1018 439 multo,
1041 404 1137 444 quae
1155 404 1178 429 a
1193 387 1444 428 doctissimo
1463 401 1573 440 quo-

183 463 270 503 que
294 449 522 491 dicuntur?
567 450 679 490 Nam
703 456 746 488 et
767 448 907 503 prima
923 454 988 487 cst
1008 445 1270 500 eloquentia}
1293 444 1443 492 virtus,
1474 457 1573 498 per-

185 506 418 560 spicuitas;
463 517 506 547 et
543 521 628 561 quo
664 505 846 559 quisque
882 504 1059 558 ingenio
1096 502 1236 543 minus
1260 500 1390 550 valet,
1422 499 1507 540 hoc
1527 514 1572 539 se

185 563 324 617 magis
356 562 557 603 attollere
590 570 634 603 et
662 562 840 601 dilatare
863 557 1070 601 conatur:
1105 566 1151 600 ut
1173 566 1336 598 statura
1356 559 1505 598 breves
1529 557 1573 598 in

185 619 349 674 digitos
372 620 611 674 eriguntur,
644 625 688 658 et
722 618 846 673 plura
883 617 1040 657 infirmi
1074 616 1306 656 minantur.
1370 615 1434 667 (l)
1457 614 1573 654 Nam

186 676 393 726 tumidos,
425 684 470 716 et
504 682 746 729 corruptos,
781 682 824 714 et
862 672 1069 721 tinnulos,
1111 680 1156 712 ct
1190 684 1450 726 quocunque
1486 670 1574 710 alio

185 733 411 774 cacozelia}
447 746 605 788 genere
642 737 887 786 peccantes,
918 737 1084 770 certum
1115 728 1256 768 habeo
1290 741 1376 767 non
1401 726 1574 777 virium,

187 788 262 829 sed
298 789 562 830 infirmitatis
592 788 700 828 vitio
732 787 953 827 laborare:
987 793 1035 826 ut
1066 799 1249 840 corpora
1281 797 1369 824 non
1401 783 1573 833 robore,

186 845 260 886 sed
280 846 526 886 valetudine
541 846 768 886 inflantur:
801 851 845 884 et
866 853 983 883 recto
1003 842 1155 882 itinere
1177 844 1234 894 ((2)
1255 840 1362 895 lapsi
1386 840 1576 895 plerum-

184 916 270 957 que
292 902 528 944 divertunt.
589 901 685 944 Erit
715 915 819 958 ergo
853 899 1074 942 obscurior
1107 899 1240 940 etiam
1272 912 1359 956 quo
1392 897 1574 955 quisque

184 959 389 1000 deterior.

243 1017 346 1057 Non
369 1015 534 1057 excidit
557 1014 680 1065 mihi,
714 1013 930 1070 scripsisse
952 1028 1022 1055 me
1055 1013 1098 1054 in
1134 1012 1247 1053 libro
1282 1011 1442 1067 priore,
1474 1026 1575 1053 cum

186 1074 400 1129 potiorem
423 1073 466 1113 in
486 1072 635 1114 scholis
655 1072 945 1113 eruditionem
969 1084 1059 1112 esse
1079 1085 1206 1125 quam
1231 1069 1344 1109 domi
1366 1069 1573 1120 dicerem,

186 1130 393 1175 libentius
413 1144 457 1170 se
479 1131 617 1186 prima
638 1129 782 1170 studia
804 1136 1061 1184 tenerosque
1090 1127 1308 1182 profectus
1341 1126 1394 1166 acl
1429 1126 1574 1167 imita-

186 1188 351 1232 tionem
392 1186 808 1243 condiscipulorum,
857 1201 954 1240 quae
1001 1184 1173 1225 facilior
1213 1193 1340 1233 esset,
1390 1183 1574 1238 erigere.

187 1244 319 1289 Quod
343 1259 367 1286 a
389 1244 645 1299 quibusdam
668 1243 728 1283 sic
746 1243 883 1298 accipi
906 1249 1065 1297 potest,
1089 1251 1294 1296 tanquam
1311 1240 1423 1291 haec,
1445 1255 1575 1295 quain

186 1316 303 1342 nunc
326 1308 463 1351 tueor,
495 1300 711 1342 sententia
733 1300 864 1356 priori
890 1300 1058 1340 diversa
1080 1299 1149 1339 sit.
1214 1298 1262 1338 ld
1287 1313 1311 1338 a
1332 1312 1401 1338 me
1424 1297 1577 1353 procul

187 1358 342 1399 aberit.
405 1358 604 1413 Namque
637 1373 688 1398 ea
719 1372 847 1397 causa
877 1356 942 1397 vel
978 1356 1167 1397 maxima
1198 1364 1278 1404 est,
1311 1370 1385 1396 cur
1407 1355 1576 1410 optimo

186 1416 343 1470 cuique
381 1415 636 1471 praeceptori
676 1415 730 1454 sit
766 1413 999 1455 tradendus
1032 1427 1152 1468 puer,
1187 1412 1304 1467 quod
1338 1414 1450 1467 apud
1476 1425 1576 1453 eum

187 1472 389 1528 discipuli
406 1486 595 1527 quoque,
617 1471 771 1512 melius
794 1471 997 1520 instituti,
1020 1479 1094 1511 aut
1115 1470 1264 1510 dicent
1281 1469 1398 1524 quod
1422 1468 1576 1509 inutile

187 1544 274 1570 non
309 1530 363 1570 sit
389 1529 564 1579 imitari,
596 1538 686 1577 aut,
718 1529 749 1568 si
773 1528 874 1583 quid
901 1529 1151 1576 erraverint,
1184 1527 1328 1566 statim
1352 1526 1576 1580 corrigen-

188 1593 272 1628 tur.
331 1586 392 1627 At
414 1586 613 1627 indoctus
636 1586 707 1626 ille
727 1594 768 1626 et
790 1585 995 1640 probabit
1014 1584 1192 1625 fortusse
1214 1583 1386 1633 vitiosa,
1417 1591 1460 1623 et
1482 1583 1575 1638 pla-

173 1658 284 1684 cere
320 1643 596 1684 audientibus
625 1642 796 1697 judicio
834 1657 910 1682 suo
947 1650 1092 1695 coget.
1154 1641 1220 1681 Sit
1250 1655 1354 1695 ergo
1376 1649 1460 1680 tam
1483 1640 1575 1680 elo-

187 1700 365 1754 quentia
386 1715 515 1755 quam
537 1700 728 1741 moribus
751 1699 1145 1754 pioestantissiniuS,
1178 1698 1249 1752 qui
1273 1697 1327 1738 ad
1350 1696 1575 1739 Phoenicis

188 1757 414 1801 Homerici
443 1756 693 1811 exemplum
716 1756 859 1796 dicere
881 1771 931 1796 ac
954 1755 1093 1796 facere
1116 1755 1287 1795 doceat.

246 1814 322 1855 IV.
378 1813 534 1856 HINC
562 1815 656 1869 jam
690 1828 795 1868 quas
828 1810 999 1868 primas
1022 1813 1063 1852 in
1089 1811 1290 1852 docendo
1313 1818 1454 1867 partes
1479 1810 1575 1852 rhe-

187 1879 332 1914 torum
367 1879 533 1927 putem,
565 1871 733 1912 tradere
767 1870 999 1925 incipiam:
1040 1869 1179 1910 dilata
1216 1883 1445 1924 parumper
1483 1868 1575 1918 illa,

187 1944 284 1991 quae
308 1927 400 1974 sola
419 1928 553 1985 vulgo
574 1938 770 1979 vocatur,
803 1934 895 1969 arce
914 1927 1140 1975 rhetorica.
1199 1927 1266 1968 Ac
1286 1925 1395 1967 mihi
1414 1941 1577 1983 oppor-

232 2082 282 2122 (1)
306 2082 421 2122 Carpit
437 2092 501 2119 eos,
526 2082 582 2121 qni
599 2081 679 2112 dum
698 2081 853 2111 virtutem
881 2080 1030 2120 aliquam
1053 2078 1150 2110 nimis
1169 2078 1337 2115 affectant,
1362 2078 1395 2109 in
1411 2077 1527 2108 vitium
1546 2078 1576 2109 ei

187 2125 302 2156 virtuti
317 2127 460 2157 vicinum
477 2125 645 2156 incidunt:
674 2127 762 2165 quod
788 2125 911 2155 dicitur
931 2124 1088 2160 cacozelia,
1115 2124 1146 2153 id
1171 2128 1221 2153 est
1245 2123 1362 2152 vitiosa
1383 2122 1574 2160 affectati05

192 2170 337 2207 Tumidos,
362 2171 419 2209 qni
437 2170 699 2206 sublimitatem;
725 2173 883 2209 corruptos,
907 2169 964 2208 qui
981 2168 1220 2197 sententiarum
1234 2176 1376 2196 acumen
1394 2172 1428 2196 et
1442 2167 1576 2205 elegan-

186 2216 288 2252 tiam3
314 2214 454 2249 tinnulos,
480 2215 537 2254 qui
555 2213 802 2253 compositionis
825 2222 1002 2244 numerum
1018 2217 1053 2242 et
1069 2211 1327 2242 concinnitatem
1351 2210 1447 2241 nimis
1470 2210 1577 2244 ambi-

186 2260 270 2289 tiose
285 2261 464 2288 sectantur.

233 2303 283 2341 (2)
306 2299 485 2333 Ob'scurior
500 2302 553 2331 hic
570 2302 673 2339 locus,
691 2311 752 2331 nec
768 2300 853 2330 forte
869 2300 988 2330 mendo
1000 2303 1101 2329 caret.
1149 2299 1293 2328 Deberet
1304 2297 1337 2327 in
1351 2299 1413 2327 hoc
1430 2298 1577 2328 secundo

188 2346 342 2384 exemplo
363 2355 537 2378 occurrere
562 2347 680 2376 vitium
708 2345 844 2385 aliquod
871 2345 930 2374 snb
956 2345 1101 2382 imagine
1128 2342 1260 2372 virtutis
1283 2342 1400 2378 latens,
1426 2346 1463 2371 ut
1488 2346 1521 2371 et
1543 2342 1576 2373 in

188 2390 306 2429 primo.
353 2390 437 2419 Nam
456 2390 588 2429 quando
604 2400 742 2427 corpora
759 2390 925 2425 inflantur,
939 2388 1041 2417 rideri
1055 2387 1158 2426 possit
1171 2387 1203 2416 id
1217 2386 1347 2424 signum
1360 2396 1430 2415 esse
1444 2386 1576 2421 virium,

190 2435 248 2463 sed
275 2434 316 2462 ab
343 2433 534 2463 infirmitate
562 2438 595 2463 et
621 2433 700 2463 vitio
726 2433 883 2463 nascitur.
932 2433 982 2461 Ita
1009 2432 1065 2470 qui
1089 2431 1259 2460 divertunt
1286 2441 1305 2459 a
1331 2434 1422 2460 recto
1445 2429 1575 2465 itincre,

189 2477 294 2507 videri
308 2477 431 2515 possint
448 2477 643 2507 diverticula
661 2486 810 2516 quaerere
826 2475 1027 2506 amoenitatis
1055 2480 1113 2504 ant
1141 2473 1327 2512 compendii
1344 2483 1464 2503 causa:
1492 2477 1526 2502 at
1542 2473 1575 2504 id

189 2521 389 2561 plerumque
400 2521 537 2556 faciunt,
561 2520 640 2560 quia
657 2519 729 2560 [ἀμ-ι’
745 2524 830 2557 sunt,
857 2520 888 2549 id
905 2524 965 2555 est,
991 2519 1069 2557 quia
1087 2529 1104 2548 a
1123 2523 1212 2548 recto
1225 2519 1340 2548 itinere
1358 2518 1573 2554 aberrarunt;

191 2565 244 2594 vel
261 2574 327 2602 prce
344 2564 552 2595 lassitudine:
578 2565 710 2603 quidam
729 2565 817 2594 enim
844 2563 960 2602 legunt
980 2562 1060 2592 lassi.
1108 2562 1149 2592 R.
1198 2563 1266 2591 Nec
1293 2562 1452 2590 obscurus
1477 2560 1575 2589 valdo

190 2608 294 2643 locus,
319 2617 379 2637 nec
406 2608 536 2637 medela
562 2608 753 2638 criticorum
781 2618 881 2645 manu
910 2607 1074 2636 sanandus
1100 2607 1238 2636 videtur.
1287 2606 1404 2634 [trum
1433 2603 1507 2643 lapsi
1530 2614 1574 2635 an

191 2651 260 2681 lassi
277 2651 417 2689 legatur,
441 2652 555 2681 eodem
571 2652 640 2681 fere
655 2646 706 2681 res
723 2652 816 2681 redit.
863 2649 1044 2681 Censuram
1061 2649 1171 2680 nescio
1187 2658 1288 2688 quam
1312 2648 1342 2677 in
1360 2645 1577 2685 concionatores

188 2695 240 2725 sui
259 2697 426 2733 temporis,
451 2695 535 2725 dura
557 2695 722 2725 latinitate
748 2697 916 2731 donatam,
943 2690 994 2724 hic
1021 2694 1170 2732 suggerit
1194 2694 1377 2722 Gesnerus:
1404 2692 1487 2723 Novi
1513 2701 1575 2729 ego

190 2738 452 2771 concionatorem
471 2739 560 2768 haud
577 2749 691 2779 unum,
715 2749 849 2781 quorum,
876 2739 938 2770 ἃς.
962 2738 1048 2770 forte
1073 2742 1186 2769 tamen
1212 2737 1389 2777 scripserat
1413 2735 1481 2774 ille,
1505 2745 1574 2766 con-

187 2782 381 2822 aenatorum,
408 2783 469 2813 ὗες.
519 2782 554 2814 Ο.
1122 2779 1124 2781 ’
