2015 3341
435 137 519 184 1'00
908 152 1008 186 ιιι.
1040 150 1110 184 tv.
1171 151 1281 184 cnr.
1313 151 1349 182 1.

430 236 749 296 reprehendere
783 243 944 296 potest.
1004 239 1132 297 Nam?
1154 253 1199 282 se
1241 250 1417 295 quoque
1450 238 1615 282 moveri
1646 237 1822 282 interim

432 295 577 353 fingit,
596 304 645 338 ut
666 310 744 353 pro
762 295 945 338 Rabirio
967 295 1214 338 Posthu'mo‘
1229 295 1403 346 cicero,
1428 293 1533 337 dum
1550 294 1717 338 aditum
1737 296 1821 338 sibi

432 352 488 394 ad
521 368 645 395 aures
679 352 833 403 faciat3
863 359 910 394 et
938 353 1244 395 auctoritatem
1277 350 1421 393 induit
1449 365 1551 393 vera
1581 353 1825 402 sentientis,

431 423 519 465 quo
540 410 679 466 magis
701 409 902 452 credatur
918 410 986 451 vel
1005 409 1259 452 defendenti
1279 408 1434 451 eadem
1453 406 1521 450 vel
1542 410 1736 465 neganti.

492 466 577 509 His
596 466 731 508 etiam
752 466 807 508 de
829 467 969 508 causis
999 467 1290 509 insinuatione
1315 464 1486 507 videtur
1513 479 1622 520 opus
1642 479 1757 517 esse;
1788 467 1824 507 si

433 521 668 567 adversarii
684 523 804 566 actio
816 523 1020 580 judicum
1042 523 1209 566 animos
1229 521 1523 580 occupaverit,
1539 521 1607 563 vel
1624 522 1660 563 si
1676 521 1826 564 dicen-

434 578 541 622 dum
573 579 688 637 apud
721 579 927 637 fatigatos
964 588 1051 623 est:
1082 594 1267 636 quornm
1300 578 1502 629 alterum,
1530 577 1828 635 promittendo

434 644 603 678 nostras
644 638 939 695 probationes,
991 645 1037 680 et
1076 637 1276 679 adversas
1317 635 1520 686 eluendo,
1571 635 1826 686 vitabimus;

437 692 638 744 alterum,
667 701 713 735 et
745 709 820 751 spe
855 694 1093 744 brevi-tatis,
1125 706 1170 735 et
1200 695 1267 744 iis,
1296 694 1454 751 quibus
1485 698 1703 735 attentum
1735 691 1829 733 fieri

427 750 626 808 judicem
650 750 893 794 docuimus.
956 751 1012 794 Et
1033 752 1254 794 urbanitas
1287 757 1535 808 opportuna
1567 749 1707 792 reficit
1738 749 1830 790 ani-

437 822 548 859 mos,
571 818 616 850 et
638 808 925 865 undena-nque
948 809 1261 865 petitajudicis
1283 807 1483 864 voluptas
1504 807 1618 849 levat
1642 805 1831 848 taedium.

440 864 543 907 Non
565 865 733 908 inuti-lis
748 866 878 908 etiam
908 876 974 907 est
1004 867 1114 909 ratio
1146 865 1390 922 occupandi
1410 879 1508 921 quae
1529 863 1733 906 videntur
1753 863 1837 904 ob·-

439 929 551 964 stare
569 938 584 964 τ
610 929 659 964 ut
681 922 835 966 Cicero
856 922 981 972 dicit,
1015 923 1132 965 Scire
1154 937 1208 973 se,
1237 922 1392 965 mirari
1413 919 1629 978 quosdam,
1651 919 1761 976 quod
1781 920 1833 970 is,

440 980 512 1034 qm·
533 993 614 1034 per
635 985 699 1020 tot
723 994 852 1021 annos
883 978 1121 1037 definderit
1148 979 1316 1029 multos,
1349 978 1501 1020 Ioeserit
1529 980 1747 1028 neminem,
1778 976 1841 1018 ad

441 1036 727 1078 accusandum
751 1036 920 1078 Verrem
938 1037 1193 1078 descenderit
1208 1055 1220 1079 :
1241 1035 1399 1077 deinde
1424 1038 1493 1088 (l)
1509 1037 1702 1079 ostendit
1723 1035 1841 1076 hanc

440 1094 580 1149 ipsam
601 1094 820 1136 sociorum·
841 1092 1155 1136 defensionem.
1215 1093 1346 1140 Quod
1380 1093 1558 1134 schema
1577 1096 1746 1149 πρόληψις
1770 1091 1836 1132 di-

445 1161 573 1192 citur.
600 1181 610 1191 .
638 1183 646 1191 .
675 1183 684 1192 .

500 1207 678 1257 Verum,
707 1206 911 1264 quoniam
933 1221 1019 1249 non
1040 1214 1104 1248 est
1120 1207 1222 1248 satis
1241 1206 1536 1248 demonstrare
1553 1204 1840 1256 discentibus,

442 1279 541 1320 quae
573 1265 659 1305 sint
691 1265 737 1305 in
768 1265 936 1306 ratione
968 1264 1190 1321 prooeinii,
1222 1263 1297 1304 sed
1331 1262 1567 1304 dicendum
1600 1262 1730 1303 etiam
1752 1277 1844 1318 quo

446 1320 578 1362 mod-o
611 1321 764 1377 perfici·
794 1320 1003 1364 facil-lime
1035 1321 1224 1378 ρυεείιγη
1256 1320 1341 1362 hoc
1369 1320 1547 1375 adjiciO,
1579 1328 1626 1362 ut
1647 1318 1842 1360 dicturus

445 1378 680 1429 intueatur,
709 1377 832 1435 quid,
863 1377 976 1434 apud
995 1392 1143 1435 quem,
1172 1392 1252 1437 pro
1273 1391 1376 1434 quo,
1407 1384 1559 1418 contra
1580 1389 1726 1432 quem,
1755 1390 1842 1432 quo

447 1442 660 1491 tempore,
690 1434 913 1491 quoloco,
944 1449 1030 1490 quo
1053 1449 1193 1478 rerum
1215 1441 1344 1485 statu,
1374 1449 1461 1489 qua
1477 1433 1596 1491 vulgi
1614 1433 1744 1484 fama,
1775 1432 1844 1474 di-

449 1491 640 1534 cendum
665 1492 743 1544 sit3
767 1491 871 1549 quid
887 1492 1086 1548 judicem
1108 1492 1266 1534 sentire
1287 1491 1495 1533 credibile
1517 1492 1589 1541 sit,
1612 1497 1846 1546 antequam

449 1548 731 1605 incipiamus:
766 1557 875 1600 turn,
897 1549 1000 1606 quid
1024 1558 1098 1591 aut
1115 1549 1425 1599 desideremus,
1447 1557 1523 1590 aut
1544 1549 1844 1604 deprecemur.

450 1604 554 1662 Ipsa
575 1606 698 1648 illurn
723 1617 874 1649 natura
895 1622 947 1649 eo
968 1606 1115 1657 ducet,
1147 1616 1194 1648 ut
1216 1606 1326 1648 sciat
1347 1605 1451 1662 quid
1483 1605 1673 1662 primum
1695 1605 1845 1646 dicen-

451 1662 556 1704 dum
579 1663 649 1705 sit.
708 1664 767 1706 At
790 1678 904 1706 nunc
928 1678 1057 1706 omne
1077 1663 1194 1720 quod
1219 1663 1447 1720 coeperint,
1481 1663 1743 1719 prooemium
1764 1676 1846 1718 pu·

449 1727 568 1770 tant3
600 1730 646 1761 et
662 1731 708 1762 ut
727 1720 918 1777 quidque
941 1721 1214 1772 succurrerit,
1238 1721 1388 1776 utique
1407 1721 1441 1761 si
1464 1720 1610 1774 aliqua
1630 1720 1848 1761 sententia

451 1776 719 1828 blandiatur,
747 1779 992 1820 exordium.
1055 1777 1200 1819 Multa
1227 1785 1376 1819 autem
1402 1778 1500 1819 sine
1523 1777 1666 1818 dubio*
1678 1790 1733 1817 ex
1754 1775 1847 1821 aliis

452 1834 653 1890 partibus
671 1843 786 1886 sunt,
817 1843 892 1876 a-ut
919 1835 1015 1876 alfris
1051 1836 1243 1891 partibus
1274 1848 1421 1877 eausae
1437 1834 1708 1876 communi-a:
1742 1833 1853 1875 nihil

454 1901 604 1933 tamen
634 1892 678 1933 in
699 1906 868 1948 quaque
891 1892 1044 1935 melius
1066 1891 1242 1944 dicitur,
1273 1905 1402 1950 quam
1425 1890 1547 1949 qnod
1579 1904 1703 1947 aeque
1737 1891 1848 1932 bene

456 1948 544 1990 dici
567 1948 671 1990 alibi
693 1963 778 1990 non
805 1951 955 2006 possit.

513 2004 711 2048 Multum
740 2009 891 2063 gratiae
915 2006 1097 2050 exordio
1118 2015 1198 2056 est,
1229 2003 1347 2062 quod
1377 2006 1432 2047 ab
1465 2005 1638 2047 actione
1660 2003 1853 2047 adversae

455 2064 589 2119 partis
613 2065 836 2106 materiam
861 2064 1014 2116 trahit3
1046 2063 1130 2106 hoc
1153 2064 1265 2121 ipso,
1295 2062 1430 2119 quod,
1453 2077 1540 2103 non
1562 2063 1853 2118 compositum

459 2120 596 2171 domi,
626 2120 701 2161 sed
735 2122 794 2162 ibi
829 2131 958 2177 atque
991 2135 1013 2162 e
1043 2136 1086 2162 re
1109 2129 1274 2170 natum,
1304 2129 1349 2161 et
1370 2119 1582 2161 facilitate
1606 2119 1762 2160 famam
1787 2120 1853 2161 in-

459 2177 579 2233 genii
611 2189 760 2233 auget,
791 2186 835 2219 et
863 2178 973 2220 facie
1001 2178 1210 2234 simpiicis
1239 2178 1457 2233 sumtique
1487 2191 1511 2218 c
1546 2177 1746 2232 proximo
1768 2191 1854 2218 ser-

459 2235 602 2276 monis
624 2235 758 2277 fidem
775 2249 950 2292 quoque
981 2235 1187 2291 acquirit:
1217 2235 1329 2276 adeo
1361 2244 1424 2284 ut,
1455 2234 1593 2275 eriam·
1620 2233 1654 2274 si
1689 2232 1855 2289 reliqua

461 2291 625 2348 scripta
654 2303 785 2348 atque
817 2291 1039 2333 elaborata
1070 2293 1172 2341 sint,
1203 2299 1349 2333 tamen
1383 2291 1640 2347 plerumque
1657 2290 1856 2333 videatur

463 2356 556 2391 tota
576 2349 886 2406 extemporalis
905 2350 1061 2400 oratio,
1092 2349 1214 2407 cujus
1237 2349 1410 2391 initium
1433 2346 1541 2390 nihil
1566 2356 1856 2405 praeparatum

463 2405 666 2448 habuisse
689 2406 964 2448 manifestum
987 2416 1065 2449 est.

522 2463 1002 2518 Freq-u-entissimevero
1017 2463 1279 2520 prooemium
1296 2461 1472 2505 decebit
1489 2469 1533 2504 et
1546 2461 1862 2505 sententiarum*

466 2529 511 2562 et
532 2521 862 2578 compositionis
883 2528 929 2562 et
949 2521 1067 2562 vocis
1098 2527 1143 2561 et
1166 2520 1309 2562 vultus
1344 2519 1579 2561 modestia-2
1612 2519 1722 2560 adeo
1745 2529 1793 2562 ut
1813 2520 1858 2561 in

467 2591 626 2634 genere
655 2592 798 2619 causae
829 2577 963 2621 etiam
995 2576 1274 2619 indubitabili
1306 2576 1473 2618 fiducia
1486 2591 1536 2617 se
1564 2577 1656 2632 ipsa
1677 2576 1864 2618 nimium·

468 2649 642 2679 exerere
671 2650 759 2677 non
781 2635 955 2678 debeat.
1014 2634 1123 2677 Odit
1150 2634 1421 2695 enimjudex
1443 2633 1530 2675 fere
1551 2632 1766 2691 litigantis
1793 2648 1859 2675 se-

514 2817 564 2858 ζ’.)
589 2815 730 2848 &tende
744 2816 821 2847 hanc
831 2815 923 2858 ips-:m
937 2815 1048 2848 Verris
1068 2815 1311 2848 accusationem
1328 2815 1556 2849 esse-sociem»
1563 2814 1780 2853 desem-Ionem»
