2015 3341
534 143 596 180 DE
617 137 820 180 GENiiRE
844 142 1228 178 DELmERATtvo.
1515 136 1572 177 83

179 227 291 280 lent.
352 229 483 280 'Quod
517 233 693 290 quidem
726 242 885 283 orator,
917 232 960 273 id
983 239 1063 282 est,
1094 231 1160 273 vir
1179 231 1336 281 bonus,
1350 243 1574 286 nunquam

184 292 329 342 iactet,
361 292 442 332 nisi
464 292 576 333 forte
596 292 816 332 communi
834 290 1018 332 utilitate
1039 291 1236 330 ducatur.

243 348 491 390 Laudantnr
513 357 656 390 autem
678 349 804 389 urbes
827 347 1022 388 similiter
1042 354 1170 401 atque
1192 343 1406 386 homines.
1458 342 1575 384 Nam

182 418 262 464 pro
294 415 472 461 parente
505 416 569 446 est
597 404 821 455 conditor;
853 412 898 444 et
929 403 1114 444 multum
1144 401 1413 444 auctoritatis
1449 399 1578 440 affert

182 469 390 513 vetustas,
424 470 471 503 ut
502 463 553 503 iis
575 463 647 518 qui
670 465 734 514 (1)
757 469 870 502 terra
897 460 1099 502 dicuntur
1120 459 1226 507 orti3
1258 466 1303 499 et
1323 458 1502 499 virtutes
1523 470 1577 498 ac

182 519 305 569 vitia,
335 520 452 560 circa
473 533 537 559 res
558 526 718 575 gestas,
747 518 899 558 eadem
919 531 1011 571 quae
1040 517 1085 556 in
1117 514 1312 571 singulis.
1373 513 1455 554 llla
1475 528 1577 568 pro-

184 576 294 630 pria,
326 591 422 631 quae
455 590 509 617 ex
543 575 629 617 loci
663 575 879 630 positione
913 582 987 614 aut
1007 573 1248 614 munitione
1273 579 1387 612 sunt.
1449 570 1578 612 Cives

185 632 286 682 illis,
304 641 354 673 ut
376 632 624 673 hominibus
646 631 785 680 liberi,
817 629 982 671 decori.
1042 629 1121 669 Est
1140 629 1229 669 laus
1246 638 1290 669 et
1310 641 1505 683 operum,
1532 627 1581 669 in

185 689 341 743 quibus
361 688 516 739 honor,
538 688 716 738 utilitas,
749 686 1010 742 pulcritudo,
1040 693 1206 735 auctor,
1239 685 1421 740 spectari
1446 684 1579 724 solet:

183 745 340 796 honor,
372 755 421 786 ut
442 746 486 785 in
505 744 699 799 templis;
723 743 904 792 utilitas,
926 750 975 783 ut
994 743 1039 783 in
1057 743 1211 792 muris;
1244 741 1491 797 pulcritudo
1508 739 1581 781 vel

185 810 354 852 auctor,
384 801 626 856 utrobique.
689 799 768 841 Est
800 807 846 840 et
875 799 1091 849 locorum3
1122 798 1260 854 qualis
1288 797 1442 838 Siciliae
1463 795 1581 854 apud.

185 858 465 909 Ciceronem3
498 858 542 898 in
563 857 718 913 quibus
740 855 938 896 similiter
960 855 1151 911 speciem
1180 862 1225 895 et
1252 854 1488 895 utilitatem
1512 855 1580 894 in·-

184 922 378 957 tuemur:
411 915 617 972 speciem,
639 913 883 962 maritimis,
912 912 1067 969 planis,
1088 911 1295 962 amoenis3
1328 910 1579 961 utilitatem,

185 971 444 1022 salubribus,
476 971 709 1012 fertilibus.
771 969 867 1012 Erit
886 970 1019 1010 etiam
1041 969 1256 1010 dictorum
1278 968 1581 1022 factorumque

183 1027 275 1070 laus
298 1027 527 1085 generalis.
589 1027 688 1068 Erit
709 1035 753 1068 et
774 1041 912 1068 rerum
935 1026 1074 1067 omnis
1093 1026 1233 1067 modi:
1257 1040 1357 1065 nam
1374 1032 1417 1065 et
1439 1024 1581 1066 somni

183 1094 230 1126 et
242 1087 392 1127 mortis
407 1086 579 1141 scriptae
596 1084 760 1134 laudes,
781 1091 826 1124 et
842 1083 1113 1139 quorundam
1132 1098 1156 1123 a
1170 1082 1349 1123 medicis
1365 1082 1580 1125 ciborum>

186 1142 355 1199 Itaque,
386 1151 435 1185 ut
466 1157 552 1183 non
583 1142 782 1182 consensi
816 1141 902 1182 hoc
926 1139 1192 1182 laudativum
1213 1153 1349 1195 genus
1373 1139 1490 1180 circa
1509 1153 1581 1179 so-

184 1199 269 1241 lam
293 1200 448 1241 versari
466 1199 626 1240 honesti
641 1198 944 1254 quaestionem,
964 1198 1024 1238 sic
1041 1196 1252 1253 qualitate
1269 1197 1456 1237 maxime
1476 1209 1585 1236 con-

185 1257 314 1298 tineri
337 1265 465 1313 puto3
498 1270 743 1312 quanquam
776 1269 926 1296 omnes
961 1265 1044 1296 tres
1075 1261 1208 1295 status
1239 1253 1395 1295 cadere
1427 1253 1471 1293 in
1494 1252 1582 1295 hoc

185 1329 294 1369 opus
326 1314 507 1370 possint,
540 1313 691 1368 hisque
722 1327 847 1352 usum
879 1311 932 1352 C.
966 1312 1183 1353 Caesarem
1215 1312 1259 1352 in
1290 1310 1580 1366 vituperando

185 1370 371 1421 Catone,
400 1370 616 1411 notaverit
653 1369 824 1413 Cicero.
883 1368 1045 1410 Totum
1077 1379 1222 1409 autem
1253 1367 1386 1408 habet
1417 1367 1581 1421 aliquid

187 1427 328 1469 simile
347 1427 574 1469 suasoriis.-
607 1426 709 1482 quia
731 1426 984 1484 plerumque
1006 1425 1159 1466 eadem
1178 1425 1267 1466 illic
1289 1423 1475 1475 suaderi,
1510 1423 1581 1469 hic

185 1484 348 1531 laudari
369 1485 524 1525 solent.

242 1541 368 1583 VIII.
400 1538 888 1582 DELIBERATIVAS
917 1554 1089 1595 quoque
1119 1539 1253 1580 miror
1274 1554 1297 1579 a
1319 1537 1579 1594 quibusdam

186 1597 276 1644 sola
299 1598 491 1640 utilitate
513 1597 672 1638 finitas.
730 1596 814 1646 Ac,
835 1597 869 1637 si
890 1597 994 1651 quid
1018 1598 1059 1637 in
1082 1597 1148 1638 his
1167 1611 1290 1638 unum
1309 1597 1426 1651 sequi
1451 1609 1581 1651 opor-

186 1659 325 1706 teret,‘
344 1656 488 1712 potior
510 1655 660 1696 fuisset
676 1653 791 1708 apud
814 1668 883 1694 me
901 1654 1125 1695 Ciceronis
1148 1653 1377 1703 sententia,
1399 1653 1471 1708 qui
1495 1652 1579 1692 hoc

184 1712 377 1755 materiae
409 1726 546 1768 genus
577 1710 789 1768 dignitate
821 1711 1012 1764 maxime
1045 1711 1258 1752 contineri
1284 1719 1420 1765 putat.
1481 1709 1579 1750 Nec

185 1770 356 1819 dubim,
374 1770 479 1825 quin
501 1768 546 1809 hi
568 1771 641 1823 qui
660 1777 760 1808 sunt
777 1768 819 1808 in
838 1767 909 1808 illa
930 1768 1069 1823 priore
1085 1782 1156 1808 sen
1166 1767 1315 1816 tentia,
1338 1766 1496 1807 secund
1506 1781 1580 1808 um.

186 1828 438 1884 opinionem
471 1824 788 1882 pulcerrimam,
820 1840 874 1866 ne
896 1825 1002 1865 utile
1025 1825 1219 1880 quidem,
1251 1824 1332 1864 nisi
1355 1823 1471 1878 quod
1498 1823 1579 1864 bo·—

183 1894 357 1927 nestum
378 1891 504 1932 esset,
535 1882 836 1923 existimarint.
899 1881 956 1923 Et
986 1891 1050 1922 est
1081 1882 1177 1923 haec
1208 1881 1317 1922 ratio
1341 1881 1576 1931 verissima,

185 1943 219 1983 s'i
238 1945 302 1995 (2)
324 1941 554 1983 consilium
575 1939 804 1995 contingat
825 1953 994 1995 semper
1016 1940 1230 1980 bonorum
1253 1946 1382 1993 atque
1405 1938 1576 1994 sapien-

185 2008 293 2042 tum.
314 1998 474 2054 Ver-um
490 1997 604 2053 apud
621 1996 859 2052 imperitos,
874 1997 989 2052 apud
1005 2011 1111 2051 quos
1126 1996 1374 2051 frequenter
1389 1995 1578 2036 dicenda

183 2055 400 2100 sententia
436 2061 518 2104 est,
564 2055 858 2110 populumque
900 2055 1135 2110 praecipue,
1173 2054 1247 2108 qui
1287 2067 1342 2093 ex
1381 2052 1576 2107 pluribus

185 2121 357 2156 constat
396 2110 600 2158 indoctis,
644 2110 930 2152 discernenda
966 2118 1066 2151 sunt
1105 2111 1215 2159 haec,
1255 2117 1299 2150 et
1334 2110 1577 2151 secundum

184 2181 437 2213 communes
482 2169 624 2224 magis
668 2167 912 2209 intellectus
963 2167 1247 2223 loquendum.
1308 2166 1419 2207 Sunt
1457 2168 1575 2208 enim

184 2229 326 2279 multi,
356 2227 430 2283 qui
451 2226 584 2268 etiam
605 2240 702 2280 quae
734 2225 918 2266 credunt
948 2223 1148 2275 honesta,
1176 2240 1262 2265 non
1295 2232 1441 2264 tamen
1473 2225 1575 2265 satis

184 2285 310 2327 utilia
330 2298 501 2341 quoque
524 2282 796 2337 existiment:
830 2297 927 2337 quae
960 2283 1102 2338 turpia
1132 2296 1222 2323 esse
1255 2281 1453 2322 dubitare
1486 2296 1576 2322 non

186 2346 385 2401 possunt,
413 2340 611 2382 utilitatis
648 2340 791 2395 specie
824 2339 947 2380 ducti
985 2340 1192 2396 probent:
1226 2349 1273 2380 ut
1304 2337 1448 2380 foedus
1481 2338 1578 2380 Nu-

184 2399 443 2448 mantinum,
466 2397 711 2453 jugumque
735 2395 997 2437 Caudinum.
1031 2429 1041 2438 .

243 2455 348 2497 Pars
365 2453 645 2496 deliberativa
671 2456 784 2508 (quae
805 2453 956 2509 eadem
986 2453 1176 2495 suasoria
1205 2451 1379 2505 dicitur)
1408 2484 1418 2493 .
1445 2485 1455 2494 .
1479 2452 1575 2494 offi-

187 2512 266 2555 c‘iis
298 2519 470 2553 constat
495 2510 680 2559 duobus,
710 2510 915 2552 suadendi
933 2520 976 2552 et
996 2510 1280 2555 dissuadendi.
1342 2510 1574 2563 Proaemio,

187 2567 314 2627 quale
334 2576 401 2609 est
416 2566 770 2624 injicdicialc'bzcs,
788 2583 875 2609 non
893 2568 1042 2623 utique
1063 2577 1179 2624 eget,
1197 2568 1298 2623 quia
1317 2567 1575 2608 conciliatus

188 2634 255 2669 est
275 2626 313 2666 ei
336 2626 532 2681 quisque,
561 2638 690 2679 quem
711 2626 912 2666 consulit.
972 2625 1152 2666 Initium
1183 2633 1326 2665 tamen
1346 2624 1576 2679 quodcun-

188 2697 274 2740 que
303 2682 436 2723 debet
465 2681 623 2722 habere
653 2681 843 2737 aliquam
874 2682 1077 2738 prooemii
1110 2681 1320 2738 speciem:
1351 2695 1432 2722 nec
1456 2681 1577 2729 enim

210 2806 217 2811 ,
235 2772 285 2813 (1)
311 2773 443 2804 Seiiicet
459 2758 676 2812 ἇντοχθονες,
693 2778 729 2804 nt
745 2773 830 2805 falso
847 2772 888 2803 de
903 2771 1147 2812 sejactitabant
1163 2772 1386 2809 Athenienses.
1413 2769 1452 2810 Q.

233 2818 286 2861 42)
313 2817 349 2852 Id
367 2821 427 2854 est,
439 2815 621 2848 deliberatio.
670 2818 762 2848 Male
778 2816 859 2856 conj.
873 2818 1049 2855 Gesneru5‚
1073 2815 1236 2847 concilium.
1261 2816 1301 2847 O.

849 2864 936 2904 62
