2015 3341
578 130 640 165 ΒΕ
673 128 1021 164 ΡΗηοεῢΡΗῙΑι,
1408 123 1493 163 353

103 227 216 282 oe'q'ui
260 226 449 284 bonique
491 235 736 279 tractatum,
771 228 845 283 qui
880 225 1014 283 leges,
1059 240 1156 282 quae
1196 229 1348 266 natura
1390 228 1491 264 sunt

103 285 305 326 omnibus
329 285 452 335 daur,
482 300 666 340 quaeque
687 287 870 340 propriae
893 284 1064 340 populis
1085 291 1129 324 et
1150 282 1352 337 gentibus
1381 294 1487 320 con-

103 340 283 392 stitutae,
317 356 402 382 nou
433 342 666 382 eruditiore
702 342 847 396 aliquo
883 355 1080 381 sermone
1119 344 1180 393 (l)
1213 336 1488 378 tractaverit?

103 395 146 436 Ο
166 412 293 452 quam
327 398 436 439 istud
476 413 626 453 parum
661 405 829 453 putant,
861 399 1016 453 quibus
1039 408 1125 438 tam
1147 394 1274 436 facile
1295 391 1488 435 videtur!

103 452 188 493 Sed
215 455 296 495 hoc
321 462 505 505 transeo,
539 455 592 495 de
611 469 696 510 quo
716 456 950 504 nemiuem,
972 454 1044 508 qui
1065 453 1209 494 literas
1231 450 1299 492 vel
1323 449 1489 504 primis,

105 518 155 549 ut
186 512 322 562 aiunt,
355 511 485 552 labris
517 511 771 567 degustarit‚
803 511 1099 551 dubitaturum
1133 515 1260 564 puto:
1292 507 1345 547 ad
1380 505 1489 546 illud

105 579 287 620 sequens
316 575 518 618 revertar,
549 582 603 608 ne
626 567 801 608 dicendi
831 567 1006 622 quidem
1037 566 1136 607 satis
1169 564 1355 621 peritum
1379 561 1488 612 fore,

102 624 177 677 'qui
204 638 289 664 non
324 632 369 664 et
400 634 565 665 naturae
597 624 682 664 vim
717 638 890 664 omnem
925 623 1097 678 penitus
1128 619 1414 678 perspexerit,
1445 625 1492 659 et

102 692 243 720 mores
263 681 489 735 praeceptis
511 696 560 721 ac
581 681 746 721 ratione
768 680 978 721 formarit.
1023 680 1176 733 Neque
1197 677 1310 718 enim
1333 675 1494 716 frustra

103 734 147 776 in
171 737 297 777 tertio
314 737 368 778 de
390 736 572 778 Oratore
594 737 702 777 libro
726 737 775 778 L.
794 737 970 777 Crassus
987 743 1144 776 cuncta
1157 749 1253 789 quae
1269 733 1323 773 de
1345 744 1488 787 aequo,

95 791 235 847 justo,
266 807 384 843 vero,
418 794 549 844 bono,
579 793 718 848 deque
742 793 807 842 iis,
827 807 924 848 quae
947 802 1046 833 sunt
1061 800 1213 832 contra
1234 789 1390 845 posita,
1421 788 1489 828 di-

102 859 275 899 cuntur,
306 850 480 905 propria
514 864 605 890 esse
642 849 822 890 oratoris
859 849 1064 899 affirmat3
1097 863 1147 888 ac
1189 844 1488 902 philosophos,

103 918 200 946 'cum
219 920 270 946 ea
299 906 473 947 dicendi
490 907 651 947 viribus
672 914 863 955 tuentur,
894 906 956 946 uti
979 904 1198 945 rhetorum
1221 903 1367 951 armis,
1400 915 1488 942 non

101 962 205 1003 suis,
266 961 388 1005 Idem
422 973 565 1004 tamen
596 963 844 1012 confitetur,
876 976 927 1003 ea
951 962 1042 1018 jam
1076 975 1166 1002 esse
1188 958 1491 1015 aplzilosoplzia

102 1018 311 1073 petenda3
347 1019 566 1070 videlicet,
588 1021 689 1075 quia
710 1020 848 1074 magis
869 1019 958 1060 haec
980 1017 1038 1059 illi
1062 1017 1233 1059 videtur
1254 1019 1297 1056 in
1319 1029 1490 1072 posses-

101 1076 221 1116 sione
243 1090 388 1117 earum
422 1091 561 1118 rerum
593 1076 740 1117 fuisse.
802 1075 922 1117 Hinc
953 1075 1085 1117 etiam
1121 1073 1228 1115 illud
1262 1081 1342 1122 est,
1373 1071 1492 1127 quod

102 1131 258 1173 Cicero
281 1132 474 1188 pluribus
497 1132 616 1175 libris
647 1140 691 1173 et
718 1133 912 1189 epistolis
936 1139 1130 1178 testatur,
1160 1129 1334 1172 dicendi
1357 1128 1493 1170 facul:-

102 1196 235 1229 tatem
266 1203 321 1230 ex
354 1190 517 1231 intimis
551 1189 773 1245 sapientiae
803 1189 997 1231 fontibus
1018 1189 1172 1229 fluere:
1206 1187 1392 1241 ideoque
1414 1185 1492 1226 ali*

100 1245 306 1299 quamdiu
329 1257 616 1303 praeceptores
633 1247 807 1288 eosdem
827 1246 955 1287 fuisse
972 1260 1138 1287 morum
1154 1251 1282 1299 atque
1297 1242 1489 1285 dicendi-

104 1304 383 1358 Quapropter
405 1303 500 1344 haec
521 1303 769 1344 exhortatio
792 1317 888 1344 mea
910 1317 994 1343 non
1019 1317 1070 1343 eo
1093 1301 1298 1358 pertinet,
1331 1307 1378 1341 ut
1399 1313 1490 1341 esse

102 1367 319 1400 oratorem
348 1359 656 1416 philosophum
678 1360 822 1410 velim,
845 1359 1018 1415 quando
1038 1374 1124 1400 non
1147 1359 1231 1399 alia
1251 1358 1352 1399 vitae
1375 1366 1494 1398 secta

102 1415 277 1471 longius
299 1431 324 1457 a
337 1416 538 1459 civilibus
555 1417 724 1467 officiis,
747 1425 876 1472 atque
894 1419 947 1457 ab
964 1417 1082 1457 omni
1099 1430 1276 1457 munere
1294 1413 1495 1464 oratoris,

101 1473 292 1514 recessit.
354 1473 466 1514 Nam
497 1474 589 1529 quis
624 1473 982 1530 philosophorum
1015 1480 1090 1514 aut
1123 1472 1163 1513 in
1191 1471 1371 1529 judiciis
1406 1471 1493 1512 fre-0

102 1544 254 1584 quenS,
284 1538 359 1571 aut
378 1530 516 1571 clarus
550 1531 592 1571 iu
615 1530 899 1571 concionibus
932 1531 1041 1571 fuit?
1086 1530 1196 1575 Quis
1229 1529 1415 1582 denique
1446 1527 1490 1568 in

102 1586 210 1641 ipsa,
234 1601 362 1642 quam
377 1587 564 1628 maxime
587 1587 782 1643 plerique
803 1601 950 1628 eorum
973 1586 1192 1628 vitandam
1215 1585 1491 1642 praecipiunt‚

101 1643 354 1699 reipublicae
376 1643 750 1685 administratione
770 1651 958 1685 versatus
973 1646 1064 1685 est?
1096 1643 1228 1698 Atqui
1244 1657 1326 1697 ego
1352 1641 1490 1691 illum,

99 1715 229 1755 quem
253 1700 446 1750 instituo,
466 1699 711 1742 Romanum-
725 1700 955 1756 quemdam
976 1700 1106 1741 velim
1122 1714 1212 1741 esse
1231 1699 1487 1754 sapientem,

100 1757 173 1811 qui
198 1772 283 1798 non
305 1758 479 1798 secretis
501 1757 880 1813 disputationibus,
912 1756 986 1798 sed
1016 1771 1155 1798 rerum
1178 1755 1489 1812 experimentis

101 1820 230 1868 atque
251 1814 468 1870 operibus,
499 1829 599 1855 vere
629 1814 802 1855 civilem
824 1814 959 1855 virum
982 1814 1203 1854 exhibeat.
1263 1812 1365 1862 Sed,
1386 1812 1489 1867 quia

103 1870 271 1911 deserta
291 1871 345 1911 ab
367 1871 434 1921 iis,
465 1871 539 1926 qui
562 1885 605 1911 se
629 1871 680 1913 ad
705 1870 998 1926 eloquentiam
1020 1870 1314 1920 contulerunt,
1347 1869 1490 1910 studia.

102 1928 322 1982 sapientiae
346 1928 536 1983 nonjam
561 1927 604 1968 in
628 1939 725 1969 actu
748 1943 824 1969 suo
853 1938 982 1983 atque
1003 1928 1043 1968 in
1067 1927 1148 1968 hac
1172 1926 1253 1967 fori
1275 1925 1372 1967 luce
1397 1940 1490 1966 vel·-

101 1992 262 2034 santur,
294 1985 367 2025 sed
392 1984 433 2024 in
458 1985 645 2040 porticus
665 1993 707 2026 et
729 1986 954 2040 gymnasia
972 1984 1173 2040 primum,
1192 1998 1295 2024 mox
1320 1984 1362 2024 in
1380 1996 1488 2024 con-

100 2049 255 2082 ventus
277 2041 518 2082 scholarum
544 2049 826 2091 recesserunt,
860 2042 901 2082 id
924 2041 1038 2096 quod
1063 2049 1128 2081 est
1146 2039 1305 2081 oratori
1335 2053 1486 2080 neces—

100 2098 273 2147 sarium,
305 2112 385 2139 nec
407 2113 431 2138 a
453 2098 625 2139 dicendi
647 2099 986 2154 praeceptoribus
1012 2098 1208 2148 traditur,
1239 2098 1294 2138 ab
1329 2097 1378 2137 iis
1406 2110 1484 2152 pe-

99 2163 190 2194 tere
208 2155 408 2195 nimirum
431 2169 603 2195 necesse
625 2164 704 2205 est,
725 2155 838 2211 apud
858 2170 964 2210 quos
982 2156 1200 2196 remansit.
1243 2152 1486 2195 Evolvendi

99 2210 270 2266 penitus
302 2221 497 2252 auctores
531 2212 604 2266 qui
641 2212 695 2252 de
728 2214 885 2254 virtute
922 2212 1196 2267 praecipiunt,
1225 2218 1274 2252 ut
1304 2210 1486 2252 oratoris

98 2267 189 2308 vita
202 2281 299 2308 cum
318 2268 498 2309 scientia
512 2268 752 2309 divinarum
768 2283 907 2312 rerum
922 2269 978 2309 sit
999 2269 1365 2323 humanarumque
1380 2282 1485 2308 con-

91 2323 264 2380 juncta.
325 2324 436 2370 Quae
459 2325 562 2380 ipsae
585 2335 745 2380 quanto
765 2325 948 2385 majores
964 2340 1014 2366 ac
1036 2326 1270 2383 pulcriores
1287 2325 1486 2366 videren-

100 2387 185 2430 tur,
217 2381 249 2421 si
273 2379 366 2421 illas
389 2381 417 2421 ii
442 2381 664 2432 docerent,
695 2382 769 2437 qui
802 2383 933 2424 etiam
954 2382 1098 2437 eloqui
1132 2381 1485 2438 praestantissime

99 2439 304 2493 possunt?
336 2436 602 2493 Utinamque
631 2439 685 2479 sit
716 2447 885 2494 tempus
906 2453 1112 2494 unquam,
1145 2452 1231 2494 quo
1265 2437 1483 2493 perfectus

99 2493 270 2548 aliquis,
301 2493 470 2548 qualem
505 2501 719 2550 optamus,
751 2507 895 2537 orator
932 2496 1044 2537 hanc
1080 2504 1263 2551 partem,
1295 2495 1482 2551 superbo

98 2550 277 2592 nomine
298 2560 343 2590 et
364 2551 477 2590 vitiis
493 2551 763 2604 quorundam
784 2553 899 2594 bona
918 2553 1009 2608 ejus
1026 2552 1393 2608 corrumpentium
1417 2551 1483 2591 ina

100 2606 250 2656 visam,
280 2605 472 2648 vindicet
503 2607 601 2659 sibi,
633 2623 683 2650 ac
715 2607 834 2656 velut
865 2610 993 2653 rebus
1025 2609 1219 2666 repetitis
1252 2609 1296 2650 in
1327 2620 1482 2664 corpus

122 2742 197 2791 ·(1)
222 2741 308 2774 Quid
323 2743 407 2775 hoe?
435 2742 831 2776 tractatum-tractaverit!
854 2743 953 2779 Certe
969 2744 1135 2777 Graeciita
1150 2742 1239 2784 loqui
1254 2741 1382 2776 solenti
1407 2748 1488 2781 para

100 2794 170 2821 cius
187 2791 304 2820 tamen
318 2788 468 2820 Romani.
516 2788 554 2820 O.

748 2841 836 2876 A&
