2015 3341
489 148 552 178 m:
575 146 935 177 scrupi-omnus
959 146 1291 177 Ram-omens.
1526 138 1584 180 75

198 240 315 282 velut
331 240 512 284 diversae
534 244 666 285 secari
684 252 913 300 coeperunt
928 243 1023 284 viae.
1056 243 1169 283 Nam
1189 249 1235 282 et
1252 240 1453 282 Isocratis
1474 254 1587 295 prae-

199 299 451 340 stantissimi
483 300 682 357 discipuli
713 302 887 342 fuerunt
920 301 963 340 in
997 301 1117 340 omni
1146 298 1387 339 studiorum
1409 311 1586 353 genere,

196 369 336 410 eoque
357 355 442 411 jam
468 358 634 398 seniore
663 362 885 410 (octavum
917 357 1032 397 enim
1065 369 1109 397 et
1139 355 1467 411 nonagesimum
1503 355 1586 396 1111-

197 411 335 466 plevit
370 417 545 467 annum)
584 415 890 470 pomeridianis
924 413 1079 453 scholis
1105 416 1166 466 (Ι)
1190 412 1444 453 Aristoteles
1478 426 1586 466 prae-

194 469 343 523 cipere
360 479 495 510 artem
513 472 744 511 oratoriam
766 471 918 526 coepit,
951 480 1056 510 noto
1079 470 1255 524 quidem
1272 469 1364 520 illo,
1383 479 1431 510 ut
1452 467 1586 513 tradi-

200 531 282 577 tur,
308 541 432 573 versu
451 542 504 569 ex
528 531 594 580 (Q)
614 528 862 568 Philocteta
884 528 1132 582 frequenter
1154 542 1268 568 usuS.

407 649 570 704 ‘'Auo->5369
587 652 728 702 σιωπᾷν,
760 652 940 704 Ῑσρκξαῖτην
960 651 988 689 θ’
1008 653 1060 704 ἒᾷν
1074 656 1192 699 λέγειν,

425 704 563 760 Turpe
585 719 662 751 esse
685 712 839 755 iacere,
871 712 911 745 ec
936 703 1167 746 Isocratem
1180 705 1284 760 pati
1300 705 1454 750 dicere.

194 827 284 870 Ars
300 836 364 868 est
380 828 617 882 utriusque,
641 828 714 868 sed
738 827 928 884 pluribus
946 842 1041 868 eam
1056 827 1177 868 libris
1195 827 1447 869 Aristoteles
1465 843 1585 877 com·

193 884 348 939 plexus
370 895 449 926 est.
512 885 680 926 Eodem
715 895 909 940 tempore
941 885 1216 926 Theodectes
1250 884 1346 934 fuit,
1378 885 1432 925 de
1461 887 1583 941 cujus

193 944 260 992 (ὃ)
275 956 404 996 opere
438 957 563 997 supra
585 942 749 982 dictum
772 952 850 983 est.
907 941 1233 997 Theophrastus
1255 956 1442 997 quoque,
1464 943 1583 983 Aris-

191 998 337 1039 totelis
361 999 613 1054 discipulus,
646 999 700 1039 de
733 999 948 1041 rhetorice
971 999 1202 1053 diligenter
1223 999 1419 1054 scripsit:
1452 1010 1584 1055 atque

192 1053 296 1096 hinc
316 1056 383 1096 vel
407 1057 640 1097 studiosius
656 1055 923 1112 philosophi,
953 1071 1082 1111 quam
1101 1056 1310 1105 rhetores,
1341 1058 1584 1112 praecipue-

191 1126 278 1166 que
301 1113 547 1154 Stoicorum
575 1128 626 1154 ac
660 1113 1047 1168 Peripateticorum
1072 1114 1302 1169 principes.
1362 1114 1487 1155 Fecit
1507 1114 1584 1155 de-

194 1167 295 1209 inde
326 1170 441 1211 velut
477 1171 693 1226 propriam
734 1171 1026 1227 Hermagoras
1064 1171 1194 1219 viam,
1238 1185 1368 1225 quam
1407 1170 1583 1227 plurimi

192 1234 293 1266 sunt
316 1227 447 1268 secuti
467 1244 477 1278 ;
511 1228 580 1268 cui
604 1229 792 1268 maxime
822 1243 898 1284 par
914 1237 1042 1282 atque
1060 1227 1240 1268 aemulus
1259 1227 1429 1268 videtur
1445 1228 1586 1269 Athe-

192 1297 313 1324 naeus
365 1283 509 1325 fuisse.
581 1284 730 1326 Multa
777 1293 877 1340 post
915 1284 1176 1340 Apollonius
1226 1284 1399 1334 Molon,
1445 1285 1584 1332 multa

191 1339 346 1391 Areus,
379 1342 511 1382 multa
531 1341 751 1391 Caecilius,
783 1350 827 1382 et
848 1342 1204 1383 Halicarnasseus
1229 1340 1484 1397 Dionysius.

251 1397 476 1454 Praecipue
499 1407 642 1440 tamen
662 1400 702 1439 in
727 1413 770 1439 se
792 1407 1099 1440 converterunt
1121 1398 1263 1439 studia
1283 1398 1579 1454 Apollodorus

192 1452 501 1511 Pergamenus,
534 1457 606 1511 qui
644 1466 884 1511 praeceptor
907 1455 1158 1512 Apolloniae
1189 1455 1370 1497 Caesaris
1393 1455 1581 1511 Augusti

189 1509 289 1561 fuit,
311 1522 355 1553 et
366 1512 623 1554 Theodorus
641 1513 882 1563 Gadareus,
907 1514 1041 1568 quise
1059 1513 1147 1553 dici
1171 1512 1324 1553 maluit
1339 1512 1581 1564 Rhodium,

189 1582 319 1622 quem
349 1569 539 1610 studiose
572 1570 757 1620 audisse,
790 1585 886 1610 cum
919 1572 961 1611 in
986 1584 1083 1610 eam
1113 1569 1296 1609 insulam
1320 1571 1582 1621 secessisset,

188 1625 350 1667 dicitur
370 1626 567 1667 Tiberius
590 1626 751 1668 Caesar.
814 1627 875 1668 Hi
910 1627 1099 1667 diversas
1131 1627 1358 1681 opiniones
1389 1627 1580 1668 tradide-

188 1692 305 1731 runt,
349 1683 643 1739 appellatique
685 1684 785 1724 inde
829 1683 1108 1739 Apollodorei
1146 1694 1191 1723 et
1235 1683 1479 1734 Theodorei,
1522 1685 1578 1726 ad

185 1754 352 1795 morem
369 1752 506 1782 certas
525 1741 566 1781 in
590 1740 865 1796 philosophia
878 1749 1015 1782 sectas
1032 1740 1256 1795 sequendi.
1289 1741 1372 1781 Sed
1393 1741 1579 1796 Apollo-

188 1796 283 1840 dori
318 1796 541 1854 praecepta
571 1798 710 1853 magis
743 1812 798 1838 ex
833 1798 1058 1853 discipulis
1094 1812 1360 1852 cognoscas3
1394 1813 1579 1854 quorum

188 1854 546 1910 diligentissimus
568 1855 611 1895 in
637 1855 847 1896 tradendo
868 1855 1019 1896 Latine
1034 1853 1115 1895 fuit
1132 1854 1183 1895 C.
1204 1854 1397 1911 Valgius,
1419 1855 1577 1896 Graece

186 1911 375 1953 Atticus.
437 1912 548 1953 Nam
585 1912 716 1968 ipsius
738 1912 829 1953 sola
850 1913 1021 1953 videtur
1043 1913 1130 1952 Ars
1150 1911 1268 1952 edita
1291 1912 1344 1952 ad
1369 1911 1577 1963 Matium,

186 1969 288 2023 quia
305 1977 484 2010 caeteras
507 1970 634 2010 missa
666 1970 721 2010 ad
757 1969 1000 2010 Domitium
1030 1969 1215 2024 epistola
1244 1984 1329 2009 non
1361 1971 1576 2024 agnoscit.

186 2025 316 2067 Plura
338 2027 507 2085 scripsit
527 2027 799 2077 Theodorus,
831 2027 952 2083 cujus
979 2027 1222 2067 auditorem
1254 2026 1578 2083 Hermagoram

187 2093 285 2124 sunt
307 2083 379 2139 qui
404 2083 606 2125 viderint.

242 2140 542 2182 Romanorum
567 2141 728 2196 primus
748 2144 970 2197 (quantum
995 2156 1078 2197 ego
1100 2140 1276 2196 quidem
1299 2141 1452 2193 sciam)
1471 2157 1576 2183 con-

185 2196 299 2240 didit
318 2197 463 2259 aliqua
485 2200 526 2239 in
552 2199 631 2239 hac
653 2200 834 2240 materia
857 2199 924 2239 M.
949 2199 1060 2239 Cato
1093 2198 1163 2239 ille
1186 2198 1444 2240 Censorius:
1481 2208 1579 2255 post

185 2242 253 2294 M.
273 2254 488 2297 Antonius
508 2256 744 2297 inchoavit.
779 2256 890 2297 Nam
917 2255 1000 2296 hoc
1023 2255 1162 2296 solum
1185 2270 1293 2311 opus
1314 2256 1422 2311 ejus,
1445 2266 1574 2311 atque

184 2311 229 2352 id
263 2312 402 2368 ipsum
439 2313 760 2375 imperfectum,
792 2323 956 2370 manet.
1018 2312 1165 2354 Secuti
1199 2313 1341 2354 minus
1363 2312 1574 2365 celebres,

228 2448 279 2487 (1)
305 2448 375 2477 Huc
386 2447 500 2482 Cicero
515 2449 620 2481 fusius
638 2454 771 2483 enarrat
787 2450 807 2480 l.
829 2453 857 2481 3.
883 2450 924 2480 de
941 2450 1033 2481 Orat.
1052 2461 1083 2480 n.
1108 2451 1178 2480 141.
1225 2449 1346 2480 scholas
1362 2454 1474 2480 antem
1494 2450 1577 2481 dicit

184 2491 441 2528 dissertationes,
466 2492 716 2532 disputationes,
736 2499 768 2523 et
785 2494 1032 2532 praeceptiones.
1082 2494 1201 2524 Scholas
1217 2495 1302 2524 enim
1323 2495 1426 2524 Graeci
1445 2496 1576 2533 proprie

183 2535 308 2571 dicunt,
321 2533 382 2564 non
395 2539 465 2565 tam
485 2537 598 2567 ludum
614 2538 808 2573 literarium,
834 2547 935 2577 quam
950 2538 1192 2577 disputationes
1204 2538 1505 2577 praelectionesqne,
1531 2542 1567 2570 et

184 2579 217 2610 id
235 2588 336 2617 genus
355 2579 437 2613 alia;
469 2585 505 2610 ut
522 2581 733 2611 manifestum
751 2586 801 2612 est
817 2592 856 2611 ex
874 2585 898 2612 1.
925 2582 1058 2611 Tuscul.
1075 2593 1106 2611 n.
1127 2583 1152 2610 7.
1207 2581 1299 2612 Turn.

229 2622 279 2660 (2)
303 2623 469 2657 Annotant
486 2625 574 2657 hunc
594 2635 722 2655 versum
742 2636 812 2655 esse.
831 2626 862 2656 in
879 2626 1066 2656 Philocteta
1093 2625 1273 2663 Sophoclis,
1299 2635 1375 2655 cum
1401 2625 1468 2655 illic
1496 2636 1574 2655 nns-

184 2675 284 2709 qurnn
302 2666 495 2704 reperiatur.
544 2670 643 2699 Porro
660 2670 691 2699 in
715 2669 771 2699 illa
789 2669 974 2708 Tragoedia,
999 2678 1206 2709 quaecunque
1223 2669 1276 2705 sit,
1301 2669 1347 2698 ait
1372 2669 1573 2700 Philoctetes

185 2717 242 2747 sibi
262 2720 359 2754 turpe
377 2724 446 2746 esse
461 2722 582 2756 tacere,
607 2729 684 2750 cum
701 2719 820 2750 barbari
835 2720 1019 2759 loquantur.
1063 2710 1225 2764 Ἀισχξόν
1251 2712 1381 2764 σιωπᾷν
1400 2711 1570 2766 βαζςοῖρες

183 2758 214 2797 3³
233 2760 287 2807 εᾳῖν
303 2763 416 2806 λέγων.
474 2763 579 2799 Turn.

228 2814 279 2855 (S)
305 2814 354 2844 De
371 2814 441 2854 ejus
457 2814 566 2858 operis
581 2818 717 2847 auctore
734 2815 923 2857 ambigitur.
950 2816 973 2848 l.
994 2818 1025 2855 Ω,
1054 2817 1103 2849 16.
1132 2816 1167 2851 Ο.
