2015 3341
337 363 439 438 M.
499 364 678 437 FAB
693 365 728 432 Ι
742 365 777 432 Ι
832 367 894 448 Q
908 366 1469 440 UINTILIANI

877 550 936 581 DE

408 697 954 760 ,INSTITUTIONE
1003 699 1103 750 ΟΒ
1112 701 1158 749 Α
1167 700 1399 761 ΤΟΒΙΑ,

750 861 949 909 LIBER
976 861 1051 906 ΙΙΙ.

210 1267 250 1315 I.
273 1227 616 1328 QUONIAM
654 1269 697 1311 in
731 1266 844 1310 libro
882 1267 1074 1311 secundo
1113 1269 1345 1326 quaesitum
1384 1280 1466 1324 est,
1497 1274 1605 1330 quid

208 1334 309 1371 esset
331 1328 550 1378 rhetorice,
580 1336 625 1369 et
645 1327 739 1383 quis
745 1326 856 1381 finis
878 1327 996 1382 ejus;
1028 1333 1163 1368 artem
1180 1343 1352 1383 quoque
1380 1344 1475 1372 earn
1492 1346 1602 1384 esse,

209 1392 257 1425 et
276 1385 439 1436 utilem,
472 1394 516 1426 et
536 1386 752 1433 virtutem,
783 1391 831 1424 ut
850 1383 963 1425 vires
985 1392 1145 1425 nostrae
1164 1385 1374 1436 tulerunt,
1407 1389 1602 1430 ostendi-

212 1455 308 1482 mus
325 1457 335 1492 ς
356 1443 662 1498 materiamque
678 1441 717 1481 ei
737 1455 799 1481 res
816 1455 966 1491 omnes,
983 1441 1033 1481 de
1051 1441 1202 1497 quibus
1217 1442 1354 1483 dice-re
1372 1452 1601 1499 oporteret,

211 1499 503 1554 subjecirnus3
540 1500 635 1555 jam
674 1499 794 1547 hinc,
825 1497 943 1538 unde
983 1499 1184 1554 coeperit,
1216 1500 1372 1555 quibus
1411 1510 1600 1555 constet,

209 1570 297 1610 quo
315 1570 498 1611 quaeque
527 1557 570 1597 in
602 1571 654 1597 ea
674 1555 806 1596 modo
823 1554 1085 1596 invenienda
1104 1565 1234 1611 atque
1252 1558 1477 1600 tractanda
1500 1560 1602 1611 sint,

208 1626 426 1667 exequar:
459 1614 572 1654 intra
591 1627 720 1668 quem
744 1611 921 1652 modum
948 1611 1139 1667 plerique
1169 1613 1400 1669 scriptores
1423 1616 1602 1659 Artium,

206 1669 514 1720 constiterunt,
546 1670 656 1712 adeo
692 1677 740 1710 ut
770 1668 1066 1724 Apollodorus
1098 1678 1329 1712 contentus
1359 1671 1461 1713 solis
1475 1674 1601 1730 judi-

207 1725 389 1773 ¹cialibus
411 1725 556 1775 fuerit.

267 1783 362 1824 Nec
383 1798 478 1825 sum
497 1785 688 1840 ignarus,
716 1782 804 1824 hoc
825 1798 850 1824 a
876 1797 947 1824 me
978 1783 1216 1840 praecipue,
1245 1784 1363 1840 quod
1393 1785 1466 1827 hic
1489 1786 1600 1837 liber

207 1839 405 1891 inchoat,
435 1856 544 1897 opus
572 1841 788 1883 studiosos
808 1840 899 1896 ejus
922 1840 1215 1892 desiderasse3
1247 1852 1296 1883 ut
1320 1843 1600 1898 inquisitione

207 1897 482 1953 opinionum,
511 1914 610 1954 quae
652 1898 973 1947 diversissimae,
1004 1898 1136 1954 longe
1180 1898 1506 1951 difficillimum,
1538 1903 1601 1945 ita

208 1954 357 2003 nescio
379 1971 432 1997 an
455 1956 634 1997 minime
666 1955 915 2011 legentibus
944 1954 1138 1996 futurum
1160 1955 1374 2012 voluptati
1393 1974 1403 2008 ;
1437 1959 1600 2016 quippe

209 2011 328 2066 quod
359 2028 497 2070 prope
528 2013 689 2054 nudam
721 2021 1040 2068 praeceptorum
1061 2013 1342 2055 traditionem
1365 2014 1602 2059 desideret.

208 2065 262 2110 ln
294 2071 465 2111 caeteris
497 2070 614 2118 enirn
648 2070 886 2112 admiscere
928 2070 1188 2111 tentavimus
1222 2070 1387 2126 aliquid
1419 2072 1598 2126 nitoris;

207 2127 510 2183 nonjactandi
534 2128 699 2184 ingenii
721 2127 876 2183 gratia,
906 2141 1094 2182 namque
1127 2127 1171 2168 in
1201 2128 1247 2169 id
1277 2129 1382 2184 eligi
1416 2131 1600 2173 materia,

207 2193 381 2239 poterat
396 2185 584 2235 uberior,
614 2184 689 2232 sed
712 2191 761 2225 ut
776 2184 861 2226 hoc
879 2185 974 2240 ipso
991 2184 1264 2226 alliceremus
1284 2185 1598 2242 rriagisjuveii-

209 2248 348 2282 tutem
382 2243 437 2283 ad
479 2242 779 2298 cognitionem
816 2256 982 2291 eorum,
1030 2256 1128 2297 quae
1165 2245 1407 2284 necessaria
1443 2245 1598 2287 studiis

208 2298 482 2350 arbitramur,
515 2301 565 2350 si,
598 2299 1012 2359 duetijucunditate
1034 2298 1178 2354 aliqua
1208 2299 1426 2350 lectionis,
1456 2301 1598 2343 liben-

209 2354 295 2396 tius
316 2356 533 2409 discerent
554 2372 618 2407 ea,
649 2358 833 2413 quorum
857 2371 909 2397 ne
933 2356 1087 2412 jejuna
1116 2363 1246 2412 atque
1267 2357 1388 2399 arida
1419 2359 1598 2400 traditio

208 2421 423 2455 averteret
463 2414 647 2467 animos,
694 2422 739 2455 et
777 2428 899 2454 aures
941 2413 1196 2469 (praesertim
1239 2421 1326 2455 tam
1367 2414 1594 2469 delicatas)

207 2469 393 2520 raderet,
423 2472 691 2512 verebamur.
752 2471 851 2517 Qua
870 2470 1038 2511 ratione
1052 2485 1096 2511 se
1112 2470 1337 2523 Lucretius
1355 2472 1463 2513 dicit
1484 2488 1597 2528 prae-

209 2534 338 2582 cepta
368 2527 658 2584 philosophiae
693 2529 883 2579 carmine
911 2542 1002 2573 esse
1035 2528 1334 2583 complexum.
1394 2529 1597 2587 Namque

208 2581 309 2642 liae,
340 2593 389 2627 ut
406 2593 470 2641 est
486 2593 654 2636 notum,
686 2584 971 2639 similitudine
990 2585 1151 2629 utitur:

378 2693 589 2735 Ac‘velutz’
596 2693 737 2747 pueris
754 2692 956 2744 absinthia
975 2699 1080 2734 tetra
1096 2692 1301 2739 medentes

384 2748 491 2790 Cum
511 2751 609 2791 dare
628 2758 840 2802 conantur,
867 2748 1100 2803 prius'oras
1115 2750 1258 2803 pocula
1278 2748 1438 2793 circum

378 2806 648 2868 Adspergunt
666 2808 801 2867 mellis
817 2806 1122 2864 dulcificat-oque
1136 2805 1291 2862 liquore
1303 2820 1317 2849 .·
