2015 3341
443 90 644 121 onnon
681 89 787 119 Non
827 89 927 118 NISI
963 83 1049 116 vm
1085 86 1262 117 nonus.
1471 74 1558 117 349

158 167 295 209 visum
317 168 613 225 eloquentem,
645 168 760 226 quod
787 175 906 210 tanto
930 168 1068 208 miuus
1088 176 1194 217 erat,
1228 167 1442 222 professus
1463 171 1552 214 est;

160 225 252 279 ipse
275 227 404 267 etiarn
437 226 504 267 M.
527 226 693 267 Tullius
710 226 866 281 quaerit
882 225 1025 265 adhuc
1046 238 1163 273 eum,
1196 233 1240 264 et
1259 231 1424 262 tantum
1446 222 1554 261 ima-

160 284 336 336 ginutur
354 299 402 325 ae
427 284 579 339 fingit3
612 298 694 338 ego
716 297 802 323 non
826 283 1008 322 audeam
1028 281 1190 330 dicere,
1222 279 1386 334 aliquid
1408 279 1449 318 in
1474 277 1557 317 hac

160 353 256 392 quae
292 349 486 396 superest
516 342 760 381 aeternitate
793 339 976 379 inveniri
1011 351 1156 393 posse,
1187 351 1239 377 eo
1273 335 1389 391 quod
1424 334 1556 375 fuerit

158 395 418 449 perfectius?
450 396 638 438 Transeo
661 396 770 445 illos,
801 396 875 450 qui
899 394 1099 435 Ciceroni
1122 408 1172 434 ac
1193 391 1480 435 Demostheni
1500 404 1554 430 ne

159 453 203 491 in
227 453 475 508 eloquentia
497 453 672 508 quidem
691 453 792 493 satis
811 452 1026 492 tribuunt:
1048 464 1292 506 quanquam
1315 462 1452 503 neque
1468 446 1553 502 ipsi

163 508 362 550 Ciceroni
389 510 708 551 Demosthenes
727 508 923 549 videatur
945 509 1045 548 satis
1060 521 1152 547 esse
1169 507 1403 562 perfectus,
1425 519 1556 559 quem

162 566 396 607 dormitare
419 568 591 607 interim
613 567 743 617 dieit3
775 579 854 606 nec
880 564 1034 605 Cicero
1057 563 1194 604 Bruto
1219 563 1457 618 Calvoque,
1478 559 1557 615 qui

161 631 279 664 certe
291 620 1194 679 compositionemilliusetiamapudipsum
1206 618 1554 675 reprehendunt;

161 693 243 720 nec
265 680 418 720 Asinio
439 680 624 734 utrique,
656 680 729 734 qui
753 679 857 718 vitia
874 679 1081 718 orationis
1099 678 1191 732 ejus
1219 678 1350 717 etiam
1379 675 1558 716 inimice

165 736 357 791 pluribus
380 737 487 777 locis
510 737 809 791 insequuntur.

222 793 524 834 Coun-edamus
558 806 673 842 sane,
706 791 822 847 quod
857 790 1038 831 minime
1065 799 1219 830 natura
1252 790 1457 844 patiatur,
1490 801 1559 829 re*-

163 858 330 904 perlum
352 864 441 890 esse
464 849 652 904 aliquem
683 847 844 888 malum
863 849 1000 889 virum
1031 859 1197 888 summe
1225 847 1457 896 disertum3
1490 845 1557 885 ni·

162 907 254 946 hilo
278 918 418 947 tamen
443 907 581 946 minus
605 908 820 957 oratorem
839 917 937 944 eum
959 905 1154 959 negabo:
1188 917 1285 942 nam
1313 917 1391 943 nec
1415 902 1555 942 onmi-

163 964 259 1011 bns,
291 964 362 1019 qui
399 963 557 1004 fuerint
582 974 710 1002 manu
739 963 914 1018 promti,
947 962 1024 1001 viri
1051 960 1174 1000 fortis
1196 973 1351 1000 nomen
1375 973 1556 1000 conces-

164 1022 312 1071 seri1n3
347 1021 445 1076 quia
464 1021 554 1060 sine
581 1021 736 1060 virtute
759 1019 941 1074 intelligi
962 1033 1046 1058 non
1070 1025 1213 1073 potest
1230 1016 1456 1057 fortitudo.
1487 1017 1557 1056 An

164 1079 220 1127 ei,
251 1079 323 1133 qui
358 1078 410 1118 ad
446 1076 742 1118 defendendas
774 1090 924 1117 causas
957 1076 1210 1123 advocatur,
1241 1085 1328 1114 non
1357 1084 1422 1114 est
1450 1087 1558 1128 opus

165 1135 267 1185 fide,
298 1150 425 1190 quam
460 1149 539 1175 nec
564 1133 781 1189 cupiditas
809 1140 1073 1188 corrumpat,
1105 1145 1186 1172 nec
1216 1131 1356 1186 gratia
1377 1138 1560 1180 avertat,

165 1206 247 1233 nec
272 1203 411 1233 metus
435 1191 627 1246 frangat3
661 1191 732 1230 sed
759 1191 1044 1246 proditorem,
1077 1189 1361 1243 transfugam,
1395 1203 1562 1244 praeva-

166 1250 394 1290 ricatorem
424 1249 681 1289 donabimus
705 1248 886 1288 oratoris
920 1246 997 1287 illo
1021 1261 1139 1287 sacro
1163 1246 1366 1286 nomine?
1427 1243 1559 1290 Quod

166 1306 200 1346 si
220 1306 512 1347 mediocribus
532 1307 661 1346 etiam
682 1305 871 1360 patronis
891 1303 1095 1344 convenit
1119 1304 1206 1343 haec
1228 1317 1324 1357 quae
1342 1301 1472 1356 vulgo
1494 1302 1562 1342 di·-

168 1364 280 1404 citur
302 1363 484 1413 bonitas,
524 1377 598 1403 cur
621 1376 707 1402 non
729 1372 872 1402 orator
903 1361 993 1411 ille,
1026 1360 1099 1414 qui
1134 1360 1327 1400 nondum
1355 1358 1455 1409 fuit,
1486 1358 1565 1400 sed

169 1428 312 1476 potest
332 1436 438 1470 esse,
475 1428 557 1460 tani
579 1420 631 1460 sit
652 1420 844 1459 moribus
865 1433 994 1472 quam
1013 1417 1184 1458 dicendi
1207 1418 1364 1457 virtute
1394 1416 1562 1472 perfec-

170 1479 262 1519 tus?
299 1492 381 1518 non
418 1479 533 1518 enim
568 1476 780 1516 forensem
812 1476 1028 1530 quandam
1066 1474 1330 1515 instituimus
1368 1487 1562 1528 operam,

169 1549 249 1576 nec
272 1535 577 1575 mercenarisz
601 1547 768 1583 vocem,
800 1545 881 1573 nec
905 1535 968 1585 (ut
990 1532 1280 1587 asperioribus
1302 1531 1443 1571 verbis
1464 1545 1562 1586 par-

169 1597 336 1642 camus)
356 1606 438 1632 non
463 1591 658 1632 inutilem
683 1605 783 1631 sane
813 1589 952 1630 litium
977 1589 1256 1637 advocatum,
1288 1602 1414 1642 quem
1440 1588 1563 1628 deni·

170 1663 253 1705 que
275 1648 531 1689 causidicum
555 1648 686 1703 vulgo
705 1654 884 1687 vocant:
919 1646 990 1687 sed
1013 1646 1166 1695 virum,
1181 1660 1278 1686 cum
1306 1646 1468 1701 ingenii
1492 1659 1568 1686 na·—

173 1714 266 1747 tura
288 1714 582 1762 praestantem,
617 1714 706 1745 tum
728 1718 829 1745 vero
848 1711 913 1743 tot
929 1703 1241 1759 pulcherrimas
1262 1710 1374 1742 artes
1393 1703 1566 1758 penitus

171 1771 315 1805 niente
335 1763 631 1818 complexum,
647 1762 797 1802 datum
817 1761 989 1802 tandem
1014 1761 1141 1800 rebus
1162 1759 1566 1814 humanis,qualem

172 1820 290 1861 nulla
303 1828 430 1860 antea
446 1826 633 1860 vetustas
649 1819 921 1874 cognoverit,
941 1817 1221 1873 singularem,
1237 1817 1566 1872 perlectumque

173 1877 384 1933 undique,
417 1877 583 1932 optima
623 1877 896 1925 sentientem,
929 1876 1180 1930 optimeque
1217 1873 1454 1914 dicentem.
1515 1874 1568 1915 In

174 1934 258 1976 hoc
283 1945 416 1989 quota
450 1948 546 1989 pars
578 1933 676 1983 erit,
706 1933 821 1988 quod
857 1939 930 1973 aut
964 1933 1218 1972 innocentes
1253 1931 1461 1979 tuebitur,
1493 1939 1569 1972 aut.

173 1992 470 2048 improborum
504 1989 667 2031 scelera
688 2000 951 2046 compescet,
981 1997 1057 2030 aut
1086 1989 1127 2029 in
1164 1988 1424 2043 pecuniariis
1444 2003 1566 2044 quae·

173 2049 388 2089 stiouibus
413 2048 581 2090 veritati
604 2055 757 2089 contra
779 2046 1037 2087 calumniam
1059 2045 1222 2087 aderit?
1271 2044 1474 2085 Summus
1496 2045 1569 2087 ille

174 2105 351 2160 quidem
380 2106 422 2146 in
457 2106 522 2146 his
542 2119 715 2160 quoque
743 2104 946 2160 operibus
967 2103 1112 2153 suerit,
1144 2102 1218 2143 sed
1254 2101 1296 2142 in
1331 2102 1569 2158 majoribus

176 2163 333 2203 clarius
356 2161 561 2212 elucebit,
593 2177 691 2203 cuin
712 2161 902 2217 regenda
924 2171 1095 2201 senatus
1123 2159 1321 2209 consilia,
1354 2166 1397 2200 et
1428 2173 1569 2215 popu,-

177 2218 277 2260 laris
299 2234 414 2260 error
431 2219 482 2260 ad
509 2218 686 2260 meliora
706 2218 944 2260 ducendus.
991 2220 1059 2258 An
1077 2231 1160 2257 non
1186 2215 1315 2256 talem
1334 2218 1569 2271 quemdam

179 2276 351 2318 videtur
378 2275 552 2317 finxisse
580 2275 804 2332 Virgilius,
835 2289 964 2330 quem
997 2275 1041 2315 in
1075 2272 1290 2314 seditione
1314 2273 1450 2330 vulgi,
1472 2274 1569 2330 jam

180 2334 295 2375 faces
312 2344 357 2374 et
377 2349 479 2375 saxa
493 2333 746 2390 jaculantis,
778 2332 1095 2374 moderatorem
1117 2330 1263 2371 dedit?

297 2432 401 2475 Tum
417 2434 577 2486 pietate
595 2448 768 2490 gravem
785 2448 834 2474 ac
854 2432 1015 2474 meritis
1034 2430 1201 2485 siforte
1222 2430 1359 2472 virum
1382 2445 1501 2486 quem

297 2490 569 2546 Conspexere,
590 2491 742 2541 sileut3
774 2491 1029 2545 arrectisque
1050 2488 1225 2529 auribus
1245 2487 1419 2529 adstant
1435 2505 1447 2529 .·

180 2588 391 2632 habemus
414 2589 546 2644 igitur
565 2598 665 2637 ante
688 2589 834 2630 omnia
855 2589 993 2630 virum
1022 2587 1209 2637 bonum;
1244 2594 1343 2642 post
1368 2584 1465 2627 haec
1493 2583 1568 2625 ad·

176 2648 279 2704 jicit
300 2646 475 2688 dicendi
493 2647 702 2702 peritum:

300 2738 384 2784 Ille
409 2738 518 2796 regit
538 2737 662 2780 dictis
681 2736 859 2788 αηίηιοε,
891 2742 930 2779 et
944 2742 1124 2794 pectora
1146 2733 1313 2778 mulcet.
