2015 3341
430 106 518 149 31²2,
909 118 1008 154 Lm.
1041 122 1113 151 xr.
1177 122 1285 155 eme.
1317 119 1351 151 1.

429 219 571 261 neque
589 212 676 247 tam
699 206 893 262 plenum,
908 216 953 248 et
966 218 1174 258 erectum,
1189 216 1231 250 et
1250 208 1409 258 audax,
1429 217 1472 249 et
1492 211 1558 260 (1)
1573 208 1816 265 petulcum,

430 263 604 303 senibus
623 265 889 313 convenerit,
919 279 1047 319 quam
1082 280 1290 321 pressum,
1320 273 1365 305 et
1389 266 1507 314 mite,
1538 278 1581 306 et
1600 265 1813 315 limatum,

431 326 476 358 et
494 320 618 374 quale
635 319 819 375 intelligi
842 320 935 361 vult
956 320 1126 372 Cicero,
1159 337 1254 363 cum
1278 321 1401 371 dicit,
1433 323 1673 371 orationem
1696 334 1814 362 suam

431 375 616 430 coepisse
658 391 894 418 canescere.-
926 377 1038 419 sicut
1073 379 1264 419 vestibus
1302 392 1473 434 quoque
1510 393 1596 420 non
1632 392 1818 433 purpura

431 445 654 487 coccoque
678 433 947 488 fulgentibus
970 433 1042 475 illa
1060 443 1164 475 aetas
1177 435 1278 476 satis
1296 443 1397 491 apta
1418 436 1493 476 sit:
1526 435 1568 476 in
1584 436 1818 490 juvenibus

433 494 479 528 et
509 489 706 533 uberiora
734 489 881 545 paulo,
910 500 953 532 et
987 505 1094 546 pene
1128 491 1418 547 periclitantia
1449 490 1667 542 feruntur3
1698 500 1743 532 at
1776 492 1818 532 in

433 543 589 586 iisdem
612 547 792 595 siccum,
821 554 866 587 et
899 547 1134 598 solicitum,
1165 561 1210 589 et
1230 557 1498 589 contractum
1523 548 1695 589 dicendi
1721 553 1819 603 pr‘o·

432 602 640 656 positum,
669 602 923 659 plerumque
956 604 1232 646 affectatione
1265 605 1356 661 ipsa
1377 604 1614 648 severitatis
1636 605 1820 652 invisum

433 665 521 698 est:
555 659 728 714 quando
751 661 881 701 etiam
903 676 1071 702 morum
1100 661 1245 702 senilis
1277 662 1508 702 auctoritas
1529 662 1756 702 immatura
1777 660 1821 703 in

436 714 788 770 adolescentibus
826 717 1029 762 creditur.
1091 717 1367 774 Simpliciora
1401 718 1608 759 militares
1649 717 1823 759 decent.

435 769 768 829 Philosophiam
789 788 844 827 ex
865 774 1058 830 professo
1081 778 1148 826 (ut
1164 774 1338 830 quidam
1364 773 1543 827 faciunt)
1567 774 1824 816 ostentanti-

440 827 522 868 bus
552 844 704 886 parum
736 830 882 872 decori
904 839 1004 872 sunt
1025 831 1218 888 plerique
1239 832 1444 874 orationis
1462 842 1652 882 ornatus,
1683 831 1822 873 maxi·

436 898 595 941 meque
613 900 666 928 ex
690 886 934 938 affectibus,
953 903 1060 944 quos
1081 888 1146 930 illi
1170 889 1274 930 vitia
1291 888 1456 932 dicunt.
1488 888 1631 928 Verba
1647 902 1822 944 quoque

407 981 413 985 .
434 943 733 998 exquisitiora,
744 954 788 985 et
801 945 1061 1002 compositio
1076 959 1301 991 numerosa
1310 944 1383 991 tali
1395 945 1616 1000 proposito
1631 945 1821 989 diversa:

435 1013 527 1039 non
549 1000 664 1041 enim
686 1001 821 1041 solum
855 1002 926 1042 illa
948 1002 1130 1052 laetiora,
1161 1002 1306 1057 qualia
1327 1018 1351 1042 a
1373 1002 1585 1043 Cicerone
1607 1002 1826 1056 dicuntur,

434 1056 610 1110 ——Saxa
623 1065 752 1114 atque
766 1057 1021 1099 solitudines
1036 1059 1130 1099 voci
1147 1058 1565 1115 respondent3—-sed
1583 1059 1713 1103 etiam
1733 1057 1824 1108 illa,

435 1127 684 1169 quanquam
700 1114 829 1170 plena
839 1114 1222 1170 sanguinis‚—-Vos
1239 1115 1353 1162 enim
1368 1116 1479 1170 jam,
1495 1114 1649 1156 Albani
1669 1114 1824 1162 tumuli

437 1176 568 1224 atque
609 1170 710 1226 luci,
742 1185 816 1211 vos
853 1173 1028 1227 inquam
1066 1171 1250 1227 imploro
1282 1182 1412 1226 atque
1454 1179 1601 1222 testor,
1647 1186 1827 1227 vosque,

435 1225 708 1269 Albanorum
729 1229 898 1268 obrutae
920 1243 1020 1278 arae,
1052 1243 1269 1274 sacrorum
1293 1227 1451 1284 Populi
1486 1228 1671 1270 Romani
1695 1230 1824 1283 soci-qe

437 1293 485 1322 et
506 1283 865 1340 aequales3—non
895 1285 1161 1335 conveniunt
1192 1285 1338 1333 barbae
1372 1285 1431 1326 illi
1463 1294 1592 1340 atque
1623 1285 1823 1338 tristitiam

436 1338 500 1380 At
517 1341 579 1381 vir
599 1340 737 1390 civilis
754 1356 937 1397 vereque
953 1342 1138 1397 sapiens,
1170 1342 1244 1397 qui
1263 1356 1307 1383 se
1323 1357 1409 1387 non
1428 1342 1578 1386 otiosis
1598 1342 1829 1399 disputatis

438 1396 595 1437 onibus
627 1397 700 1438 sed
739 1399 1103 1441 administrationi
1141 1398 1390 1455 reipublicae
1424 1398 1656 1449 dediderit,
1687 1414 1712 1439 a
1742 1414 1828 1454 qua

436 1451 691 1509 longissime
713 1454 781 1496 isti
799 1455 871 1510 qui
888 1455 1132 1511 philosophi
1151 1463 1359 1496 vocantur
1373 1463 1653 1506 recesserunt,
1666 1456 1828 1509 omnia,¹

438 1524 538 1565 quae
559 1511 611 1552 ad
635 1510 911 1553 efficiendum
935 1513 1130 1561 oratione
1152 1512 1268 1567 quod
1292 1513 1563 1569 proposuerit
1584 1512 1744 1562 valent,
1774 1512 1827 1554 li-

437 1566 595 1618 benter
626 1568 874 1619 adhibebit3
907 1583 1006 1610 cum
1037 1569 1171 1625 prius,
1201 1569 1318 1624 quod
1348 1569 1579 1616 honestum
1602 1569 1673 1620 sit,
1703 1569 1828 1615 estin-2

439 1624 605 1679 gerein
627 1627 772 1666 animo
795 1641 872 1667 suo
895 1625 1183 1667 constituerit.
1243 1625 1322 1671 Est
1352 1625 1467 1682 quod
1503 1626 1719 1683 principes
1751 1627 1828 1669 de-

441 1689 561 1731 ceat;
593 1681 688 1722 aliis
711 1696 796 1723 non
818 1683 1096 1724 concesseris.
1160 1682 1477 1738 Imperatorum
1511 1697 1561 1730 ac
1588 1683 1830 1740 triumpha-3

440 1736 547 1780 lium
571 1746 767 1794 separata
788 1747 854 1781 est
872 1739 1016 1795 aliqua
1038 1753 1094 1780 ex
1122 1747 1243 1794 parte
1265 1740 1376 1781 ratio
1405 1739 1686 1795 eloquentiae:
1719 1741 1832 1782 sicut

441 1792 678 1850 Pompeius
699 1796 871 1841 abunde
887 1796 1069 1836 disertus
1085 1811 1225 1837 rerum
1242 1811 1412 1837 suarum
1432 1804 1647 1842 narrator:
1679 1804 1725 1838 et
1740 1797 1829 1849 hic,

442 1852 518 1906 qui
543 1851 658 1893 bello
675 1851 793 1901 civili
815 1867 859 1893 se
887 1852 1121 1902 interfecit,
1153 1853 1264 1894 Cato
1294 1853 1499 1908 eloquens
1531 1861 1703 1897 senator
1734 1853 1829 1896 fuit,

444 1906 568 1949 Idem
593 1908 774 1959 dictum,
808 1923 921 1964 saepe
939 1910 983 1950 in
1005 1909 1092 1949 alio
1124 1909 1324 1960 liberum,
1355 1910 1398 1950 in
1418 1909 1504 1951 alio
1527 1909 1753 1961 furiosum,
1785 1912 1831 1955 in

443 1964 531 2013 alio
570 1968 802 2020 superbum
839 1977 919 2007 est.
979 1965 1123 2006 Verba
1163 1966 1366 2010 adversus
1398 1966 1773 2022 Agamemnonem
1805 1983 1832 2013 a.

443 2021 641 2073 Thersite
665 2022 812 2063 habita
831 2022 1047 2064 ridentur:
1080 2022 1134 2063 da
1151 2023 1224 2065 illa
1246 2022 1470 2074 Diomedi,
1490 2023 1619 2066 aliive
1635 2025 1705 2066 cui
1723 2025 1831 2079 pari,

442 2092 651 2133 magnum
675 2080 864 2123 animum
889 2079 997 2120 ferre
1012 2094 1097 2134 prae
1118 2094 1160 2120 se
1178 2079 1606 2136 videbantur.-Ego
1640 2091 1680 2122 te
1712 2081 1831 2123 Con-

447 2135 585 2176 sulem
611 2143 776 2191 putem,
809 2136 969 2192 (inquit
1004 2136 1052 2177 L.
1088 2136 1265 2178 Crassus
1299 2136 1522 2193 Philippo)
1550 2153 1648 2180 cum
1685 2148 1730 2180 tu
1763 2154 1832 2190 me

444 2205 534 2233 non
558 2200 680 2248 putes
701 2193 951 2236 senatorem
967 2195 1126 2234 ?—vox
1145 2193 1458 2243 honestissimae
1482 2194 1713 2237 libertatis:
1745 2210 1834 2238 non

446 2255 593 2291 tamen
612 2248 742 2290 ferres
760 2264 1060 2305 quemcunque
1078 2249 1313 2297 dicentem.
1374 2250 1517 2307 Negat
1540 2265 1583 2297 se
1607 2253 1751 2307 magni
1770 2251 1835 2293 fa-

447 2320 546 2348 cere
578 2305 734 2363 aliquis
765 2308 824 2360 (⁶2)
861 2314 1306 2364 poetarum,—-utrum
1338 2306 1485 2350 Caesar
1516 2315 1608 2358 ater
1628 2322 1684 2349 an
1711 2307 1835 2359 albus

492 2416 545 2455 (1)
571 2417 622 2446 Ita
634 2425 674 2445 ex
691 2416 792 2449 Goth.
809 2413 1001 2452 Pasa-ultum,
1026 2416 1114 2456 quod
1132 2425 1244 2447 omnes
1261 2421 1373 2449 tamen
1399 2418 1525 2458 legunt,
1551 2419 1638 2449 idern
1655 2419 1725 2450 fere
1746 2418 1837 2466 qnod.

446 2460 584 2491 limatum
595 2459 780 2497 sign'aficare
791 2459 930 2489 videtur.
955 2458 1123 2497 Petulcrmn
1136 2461 1376 2499 elegantissime
1389 2463 1429 2492 de
1442 2463 1561 2501 audaci
1571 2463 1629 2494 ino
1638 2473 1757 2502 genere
1768 2464 1835 2501 elo,-

448 2504 593 2542 quentia·
611 2503 750 2538 dictum,
773 2503 862 2542 quod
889 2513 953 2534 non
978 2504 1111 2534 senibus
1135 2504 1191 2533 sed
1210 2505 1386 2542 juvenibus
1410 2506 1521 2545 potius
1535 2507 1735 2544 convenerit,
1757 2517 1835 2542 vere

450 2547 632 2577 Fabianum
646 2555 723 2576 cum
738 2546 793 2582 sit,
817 2546 930 2586 quidni
946 2547 1042 2577 Fabio
1059 2548 1276 2578 restituatur?
1306 2548 1340 2579 Ο.

497 2590 548 2627 (²2)
575 2589 694 2630 Aliquis
705 2594 859 2628 poetarum
879 2599 954 2620 cum
971 2596 1140 2622 contemtu
1158 2591 1302 2630 quodam
1321 2592 1351 2623 in
1367 2591 1544 2628 hominem,
1557 2592 1775 2631 Fabiojudice
1786 2596 1837 2624 ni..

450 2634 514 2664 mis
531 2634 680 2671 liberum,
707 2634 793 2663 haud
819 2633 1001 2664 inconsulto
1021 2634 1085 2665 dici
1105 2635 1243 2666 videtur.
1289 2635 1463 2674 emeram,
1486 2636 1571 2668 inter
1593 2636 1836 2678 epigrammata

450 2673 576 2709 Catulli
586 2678 681 2708 hodie
699 2677 854 2715 leguntur
870 2677 933 2707 ista
940 2688 952 2715 5
976 2679 1039 2717 Ep.
1057 2687 1108 2711 xc.

666 2734 721 2765 Nil
737 2734 876 2765 nimium
893 2735 1022 2772 studeo,
1037 2736 1156 2772 Caesar,
1178 2736 1239 2768 tibi
1257 2736 1343 2766 velle
1359 2737 1513 2776 placere;

669 2779 740 2810 Nec
756 2778 852 2817 seire,
875 2783 989 2810 utrum
1006 2780 1049 2810 sis
1064 2780 1159 2811 albus
1175 2790 1216 2810 an
1230 2784 1300 2811 ater
1311 2781 1418 2812 homo.
1467 2781 1506 2821 O.
