2015 3341
714 194 776 225 DE
806 191 1011 224 musrcss.
1497 183 1551 226 ¹27

170 285 371 341 Namque
392 292 437 327 et
456 299 562 327 voce
591 293 634 326 et
661 281 962 325 modulatione
994 279 1176 337 grandia
1208 277 1338 328 elate,
1360 279 1560 334 jucunda

172 344 375 394 dulciter,
398 343 621 383 moderata
643 341 794 381 leniter
810 340 949 381 canit:
982 347 1159 393 totaque
1175 346 1266 377 arte
1292 340 1352 388 (l)
1374 351 1559 377 consen-

173 401 227 440 tit
248 414 343 440 cum
367 414 514 440 eorum
532 414 627 454 quae
645 398 848 438 dicuntur
868 395 1111 437 affectibus.
1170 393 1303 447 Atqui
1327 393 1370 433 in
1395 393 1560 433 orando

171 470 344 511 quoque
367 456 552 497 intentio
577 455 709 503 vocis,
729 453 940 501 remissio,
976 452 1131 501 flexus,
1153 450 1343 506 pertinet
1376 449 1431 490 ad
1466 463 1562 490 mo-

172 513 339 553 vendos
369 512 636 555 audientium
667 509 870 551 affectus:
902 509 1072 564 aliaque
1106 515 1151 548 et
1180 505 1482 548 collocationis
1516 514 1565 547 et

175 570 312 620 vocis,
331 578 378 611 ut
395 574 459 622 (Q)
477 568 629 609 eodem
644 576 740 608 utar
752 566 900 615 verbo,
911 564 1209 605 modulatione
1224 563 1563 604 concitationem

169 624 388 682 judicum,
417 626 499 667 alia
515 622 850 665 misericordiam
869 622 1076 678 petimus:
1110 635 1206 661 cum
1224 620 1355 660 etiam
1373 620 1564 675 organis,

174 683 331 737 quibus
349 697 487 723 sermo
502 680 685 737 exprimi
702 693 790 719 non
804 685 963 733 potest,
982 677 1092 717 affici
1110 677 1279 717 animos
1293 677 1335 716 in
1348 676 1562 717 diversum

175 738 374 780 habitum
407 739 656 779 sentiamus.
719 734 918 789 Corporis
956 747 1128 788 qnoque
1165 732 1324 773 decens
1358 740 1405 773 et
1439 742 1565 788 aptus

177 795 348 844 modus,
377 795 451 849 qui
484 794 642 836 dicitur
670 793 841 843 ἐυςυθμία,
873 797 939 831 est
962 789 1249 840 necessarius3
1283 803 1363 830 nec
1387 787 1565 830 aliunde

177 852 268 910 peti
296 858 462 906 potest;
494 851 536 891 in
569 865 654 905 quo
691 864 788 907 pars
820 846 1003 889 actionis
1031 861 1118 886 non
1146 845 1324 886 minima
1345 845 1565 887 consistit:

177 921 263 962 qua
285 908 339 948 de
366 921 412 948 re
443 907 654 963 sepositus
674 907 800 948 nobis
821 911 888 945 est
913 903 1050 944 locus.
1109 902 1223 957 Age,
1251 902 1287 943 si
1312 901 1492 943 habebit
1521 902 1568 942 in

179 964 326 1019 primis
348 978 493 1005 curam
516 963 633 1004 vocis
666 974 826 1012 orator,
857 959 962 1016 quid
997 967 1083 999 tam
1105 959 1289 1000 musices
1321 959 1568 1015 proprium?

179 1020 266 1061 Sed
289 1034 343 1061 ne
364 1020 459 1061 haec
479 1020 654 1075 quidem
676 1016 977 1076 praesumenda
996 1019 1062 1067 (3)
1086 1030 1182 1071 pars
1202 1025 1293 1066 est;
1326 1025 1374 1056 ut
1395 1030 1482 1056 uno
1505 1016 1571 1056 in-

180 1077 306 1118 terim
328 1077 526 1119 contenti
546 1077 675 1118 simus
698 1074 902 1130 exemplo
925 1073 976 1115 C.
1001 1072 1207 1123 Gracchi,
1231 1073 1440 1128 praecipui
1469 1086 1571 1113 suo-

180 1147 272 1176 rum
303 1145 543 1190 temporum
569 1134 768 1184 oratoris,
800 1131 869 1175 cui
891 1129 1172 1172 concionanti
1198 1129 1439 1171 consistens
1471 1138 1572 1184 post

180 1204 279 1232 euin
317 1191 503 1232 musicus
537 1190 694 1241 fistula,
716 1205 846 1246 quam
866 1190 1010 1239 τονάςιον
1031 1196 1206 1237 vocant,
1226 1186 1378 1228 modos
1415 1186 1571 1241 quibus

182 1247 362 1289 deberet
381 1247 549 1288 intendi
569 1248 856 1289 ministrabat.
918 1247 1031 1289 Haec
1052 1244 1088 1284 ei
1113 1258 1212 1284 cura
1237 1243 1349 1284 inter
1366 1243 1573 1284 turbidis-

183 1305 312 1347 simas
350 1304 559 1356 actiones,
591 1304 660 1347 vel
694 1305 870 1347 terrenti
905 1304 1152 1364 optimates,
1184 1298 1252 1342 vel
1274 1300 1370 1361 jam
1401 1300 1571 1346 timenti

182 1361 283 1408 suit.

244 1418 372 1460 Libet
392 1426 569 1474 propter
589 1416 798 1474 quosdam
817 1416 1120 1473 imperitiores,
1138 1414 1269 1456 etiam
1292 1414 1508 1465 crassiore,
1523 1420 1574 1455 ut

184 1481 360 1525 vocant,
379 1478 445 1527 (4)
467 1490 599 1524 musa,
619 1475 935 1516 dubitationem
958 1474 1084 1529 hujus
1111 1471 1345 1513 utililitatis
1366 1472 1573 1513 eximere.

187 1531 302 1573 Nam
332 1540 482 1587 poetas
510 1543 626 1573 certe
653 1531 862 1588 legendos
891 1530 1051 1572 oratori
1083 1528 1228 1570 futuro
1258 1529 1575 1578 concesserint;

187 1592 311 1640 (num
330 1589 462 1644 igitur
484 1588 527 1629 hi
545 1588 636 1629 sine
653 1589 856 1641 musice?)
912 1594 957 1628 at
985 1587 1018 1627 si
1047 1586 1142 1641 quis
1165 1594 1249 1626 tam
1272 1600 1405 1626 caecus
1442 1585 1576 1626 animi

187 1654 269 1695 est,
291 1653 339 1685 ut
360 1645 414 1686 de
436 1644 529 1685 aliis
558 1645 744 1695 dubitet,
780 1645 879 1686 illos
901 1648 966 1695 (5)
989 1652 1105 1684 certe
1127 1643 1199 1696 qui
1222 1642 1412 1683 carmina
1432 1642 1485 1682 ad
1509 1641 1577 1697 ly-

188 1716 278 1744 ram
300 1711 649 1758 composuerunt.
709 1702 821 1744 Haec
843 1701 1004 1742 diutius
1026 1700 1170 1740 forent
1191 1698 1392 1748 dicenda,
1429 1699 1463 1739 si
1493 1698 1578 1740 hoc

189 1758 380 1800 studium
404 1757 521 1799 velut
541 1773 701 1800 novum
722 1759 1019 1815 praeciperem.
1082 1755 1194 1797 Cum
1218 1770 1318 1796 vero
1342 1755 1578 1810 antiquitus

189 1830 324 1869 usque
359 1831 384 1857 a
419 1815 611 1858 Chirone
645 1824 774 1870 atque
802 1814 972 1857 Achille
993 1812 1048 1854 ad
1071 1821 1219 1853 nostra
1247 1821 1442 1868 tempora
1463 1812 1580 1868 apud

189 1886 357 1922 omneS‚
389 1873 460 1927 qui
484 1873 617 1914 modo
638 1872 879 1928 legitimam
900 1869 1172 1926 disciplinam
1193 1884 1280 1910 non
1304 1870 1390 1909 sint
1422 1870 1581 1924 perosi,

191 1929 425 1979 duraverit,
453 1944 540 1970 non
572 1938 638 1971 est
670 1928 1046 1978 committendum,
1076 1936 1125 1968 ut
1159 1925 1233 1968 illa
1261 1926 1394 1968 dubia
1422 1926 1580 1969 faciam

192 1985 457 2030 defensionis
471 1986 760 2029 solicitudine.

250 2043 459 2089 Quamvis
487 2052 628 2085 autem
666 2044 767 2085 satis
791 2042 882 2099 jam
916 2057 972 2083 ex
1000 2040 1119 2097 ipsiS,
1150 2040 1306 2095 quibus
1334 2054 1425 2082 sum
1448 2039 1581 2081 modo

193 2115 310 2156 usuS,
349 2100 562 2157 exemplis
596 2101 770 2142 credam
803 2113 894 2140 esse
928 2098 1222 2147 manifestum,
1261 2112 1358 2152 quae
1399 2096 1504 2138 mihi
1538 2105 1584 2139 et

194 2167 406 2214 quatenus
445 2157 608 2199 musice
641 2158 834 2213 placeat3
874 2155 1063 2213 apertius
1103 2162 1248 2195 tamen
1290 2154 1583 2210 profitendum

194 2221 319 2271 puto,
342 2229 428 2270 non
451 2213 565 2255 banc
587 2230 612 2255 a
627 2229 695 2256 me
719 2214 913 2270 praecipi,
936 2227 1033 2268 quae
1055 2225 1170 2252 nunc
1192 2211 1234 2252 in
1258 2212 1395 2252 scenis
1417 2212 1585 2254 effemi-

195 2278 314 2321 nata,
336 2280 381 2313 et
402 2272 631 2326 impudicis
651 2271 793 2312 modis
814 2270 968 2319 fracta,
996 2282 1084 2309 non
1105 2283 1160 2309 ex
1183 2275 1303 2324 parte
1324 2269 1518 2319 minima,
1549 2268 1584 2310 si

196 2328 302 2389 quid
334 2328 379 2373 in
409 2328 536 2375 nobis
564 2328 699 2380 virilis
730 2327 898 2371 roboris
923 2326 1144 2378 manebat,
1176 2325 1364 2377 excidit3
1397 2325 1473 2367 sed
1500 2340 1585 2383 qua

247 2493 299 2533 (1)
322 2492 406 2523 Tota
422 2496 493 2523 arte
510 2492 673 2534 consentit
689 2491 797 2522 musice
813 2501 889 2523 cum
904 2499 1019 2524 earum
1032 2498 1141 2520 rerum
1157 2499 1230 2530 quae
1242 2496 1342 2522 cantu
1355 2492 1588 2531 exprimuntur

202 2536 385 2568 affectibus.
414 2536 453 2567 R.
477 2537 526 2566 Ad
540 2534 698 2566 oratoriam
714 2540 821 2566 artem
838 2536 944 2575 magis
960 2534 1019 2564 illa
1030 2533 1202 2564 referenda
1219 2543 1289 2563 esse
1306 2536 1466 2566 videntur.
1495 2538 1529 2568 Ο.

248 2580 300 2618 (2)
326 2580 512 2609 Modulatio
529 2580 660 2619 proprie
683 2580 725 2621 ad
749 2580 1001 2611 collocationem
1028 2577 1133 2608 solam
1161 2578 1325 2618 pertinet:
1352 2582 1409 2611 sed
1435 2581 1488 2611 hic
1515 2580 1587 2612 voci

203 2631 338 2664 quoque
355 2624 634 2654 accommodatur.
974 2618 975 2622 ¹

249 2667 303 2705 (3)
326 2667 376 2696 De
393 2675 472 2696 voce
488 2666 638 2697 dicturus
655 2671 706 2699 est
721 2667 848 2704 eodem,
872 2667 927 2698 lib.
949 2668 998 2697 11.
1025 2673 1055 2694 c.
1075 2667 1109 2695 3.

251 2716 304 2756 (4)
328 2715 596 2789 §tiu-OMinerva?
628 2719 677 2749 Ex
704 2718 937 2764 abbreviatum
964 2705 1044 2750 Mssa
1071 2715 1123 2748 vel
1150 2707 1231 2756 nm,
1265 2717 1365 2749 facile
1394 2717 1467 2757 quis
1493 2717 1590 2751 Musa

205 2768 338 2801 posueri
357 2781 364 2789 .
419 2782 426 2790 .
833 2766 835 2768 ’

254 2802 305 2841 (5)
331 2802 599 2835 Subaudiendum
617 2804 751 2844 aliquid.
797 2804 969 2835 Fatebitur
981 2804 1056 2835 illos
1073 2805 1204 2846 saltem,
1229 2805 1288 2848 qui
1304 2804 1449 2837 carmina
1473 2806 1514 2837 ad
1538 2806 1590 2847 ly·

208 2855 282 2880 ram
297 2852 564 2889 composuerunt,
589 2848 657 2881 sine
673 2848 798 2884 musice
813 2848 880 2890 legi
895 2858 959 2881 non
973 2857 1082 2891 posse.
