2015 3341
671 197 733 226 m:
763 195 999 226 Exonmo„
1446 183 1523 220 {Oi

136 281 393 337 eurizatem3
409 298 592 342 cumque
599 283 673 341 jus
686 298 810 327 suum
827 281 1061 339 intelligat,
1078 281 1230 323 tacitus
1245 277 1530 322 reverentiam

137 341 349 398 postulat.

195 397 290 440 Nec
321 398 464 440 minus
494 397 744 454 diligenter,
776 412 831 439 ne
865 396 1052 454 suspecti
1076 396 1207 437 simus
1229 394 1272 436 in
1295 392 1370 436 illa
1391 401 1527 450 parte,

138 452 391 497 vitandum:
424 464 601 512 propter
623 455 738 511 quod
758 456 935 496 minime
956 453 1163 495 ostentari
1188 453 1320 493 debet
1341 451 1383 492 in
1410 451 1529 508 prin-⁴

138 510 264 567 cipiis
285 526 411 563 cura3
443 514 546 568 quia
578 512 748 553 videtur
777 525 846 553 ars
874 511 1014 552 omnis
1036 510 1222 551 dicentis
1238 508 1530 565 contrajiidi·

137 582 235 609 cem
256 569 469 611 adhiberi.
532 569 614 610 Sed
640 570 780 624 ipsum
797 568 911 610 istud
930 568 1108 616 evitare,
1132 581 1309 608 summae
1329 566 1431 606 artis
1448 572 1530 611 est.

139 623 253 667 Nam
279 626 321 667 id
344 627 436 669 sine
453 626 588 668 dubio
609 626 664 667 ab
680 626 902 675 omnibus,
933 633 976 665 et
998 623 1175 679 quidem
1204 623 1385 679 optime,
1416 636 1528 679 prae-

138 690 314 739 ceptum
337 693 423 724 est:
443 696 590 724 verum
607 681 885 737 «aliquatenus
901 690 1143 737 temporum
1158 679 1411 721 conditione
1434 694 1528 720 mu·

138 747 279 790 latui-3
313 739 518 795 quiajam
539 737 802 795 quibusdam
824 737 1079 794 injudiciis,
1114 737 1388 790 maximeque
1407 735 1527 791 capi-

137 795 314 846 talibus,
347 803 394 836 ut
428 805 473 837 et
511 794 625 851 apud
665 795 986 844 Centumviros‚
1019 795 1096 849 ipsi
1128 793 1305 848 judices
1344 792 1530 847 exigunt

135 852 331 894 solicitas
367 859 414 893 et
446 861 668 894 accuratas
696 853 905 901 actiones,
937 850 1245 905 contemnique
1278 863 1339 899 se,
1371 849 1452 890 nisi
1485 849 1530 891 in

138 908 328 950 dicendo
363 910 493 950 etiam
528 907 758 964 diligentia
788 918 1010 965 appareat,
1037 906 1247 957 credunt;
1280 920 1360 947 nec
1381 906 1530 950 doceri

137 974 324 1016 tantum,
346 965 419 1008 sed
442 965 574 1007 etiam
596 965 803 1007 delectari
828 965 995 1007 volunt.
1042 963 1099 1006 Et
1114 972 1180 1004 est
1196 962 1386 1005 difficilis
1404 963 1530 1019 hujus

137 1023 199 1064 rei
221 1023 486 1065 moderatio:
518 1037 616 1079 quae
638 1030 781 1064 tamen
812 1022 872 1063 ita
895 1021 1123 1080 temperari
1146 1029 1306 1078 potest,
1337 1027 1387 1062 ut
1408 1020 1529 1062 vide—

138 1094 261 1122 amur
283 1089 500 1131 accurate,
531 1094 619 1122 non
643 1079 800 1122 callide
822 1079 982 1124 dicere.

197 1137 311 1181 Illud
334 1151 389 1179 ex
413 1138 644 1195 praeceptis
667 1138 885 1180 veteribus
901 1144 1070 1188 manet3
1103 1150 1157 1178 ne
1189 1133 1306 1191 quod
1341 1132 1531 1177 insolens

137 1195 336 1245 verbum,
365 1209 420 1236 ne
450 1195 659 1237 audacius
681 1195 948 1245 translatum,
980 1209 1034 1236 ne
1065 1201 1141 1235 aut
1162 1194 1217 1234 ab
1238 1192 1438 1234 obsoleta
1460 1205 1534 1233 ve·

138 1258 315 1303 tustate‚
345 1261 421 1293 aut
446 1268 477 1294 a
503 1252 680 1309 poetica
709 1251 888 1294 licentia
915 1259 1121 1301 sumtum,
1154 1252 1196 1292 in
1212 1249 1431 1307 principio
1454 1249 1531 1291 de-

137 1310 448 1366 prehendatur.
509 1309 718 1351 Nondum
740 1309 855 1349 enim
878 1309 1042 1365 recepti
1074 1322 1238 1358 sumuS,
1268 1316 1312 1349 et
1339 1307 1534 1349 custodit

137 1381 217 1407 nos
235 1381 383 1408 recens
405 1365 675 1408 audientium
699 1367 898 1407 intentio.
932 1365 1079 1422 Magis
1096 1364 1341 1406 conciliatis
1358 1364 1531 1415 animis,

139 1423 293 1479 etjam
317 1423 576 1473 calentibus,
606 1422 704 1466 haec
730 1423 904 1465 libertas
925 1423 1102 1471 feretur,
1133 1423 1409 1477 maximeque
1431 1436 1532 1463 cum

139 1480 183 1522 in
207 1481 327 1522 locos
349 1480 556 1526 fuerimus
586 1480 783 1537 ingressi,
813 1495 996 1536 quorum
1030 1480 1237 1521 naturalis
1270 1480 1442 1520 ubertas
1476 1479 1531 1521 li·-

139 1537 326 1579 centiam
352 1537 471 1579 verbi
493 1538 633 1578 notari
654 1537 915 1579 circumfuso
940 1538 1078 1579 nitore
1101 1551 1187 1578 nou
1211 1536 1387 1593 patitur.

197 1594 293 1636 Nee
313 1595 579 1650 argumentis
601 1605 761 1644 autern,
785 1609 865 1635 nec
886 1594 1008 1645 locis,
1027 1608 1107 1636 nec
1125 1594 1359 1635 narrationi
1379 1591 1532 1634 similis

137 1665 231 1693 esse
263 1652 307 1693 in
336 1652 551 1708 prooemio
582 1651 716 1692 debet
737 1651 897 1694 oratio:
929 1656 995 1704 (l)
1019 1666 1158 1706 neque
1176 1658 1320 1692 tamen
1343 1649 1534 1692 deducta

139 1723 323 1764 semper,
342 1718 472 1765 atque
492 1708 762 1756 circumlata,
778 1707 852 1750 sed
873 1724 989 1765 saepe
1010 1707 1195 1764 simplici
1219 1722 1270 1749 ac
1292 1707 1533 1750 illaboratae

139 1765 304 1817 similis,
322 1781 402 1808 nec
417 1765 557 1807 verbis
570 1765 776 1820 vultuque
795 1766 928 1807 nimia
945 1765 1215 1822 promittens.
1251 1763 1534 1806 Dissimulate,

137 1823 271 1874 enim,
301 1833 361 1874 et,
390 1830 438 1865 ut
466 1822 610 1864 Graeci
634 1822 803 1873 dicunt,
833 1828 1053 1874 &moriem-3-
1084 1823 1197 1864 actio
1229 1822 1385 1863 melius
1415 1836 1532 1878 saepe

138 1880 338 1978 {lui-repit.
398 1880 484 1923 Sed
508 1880 619 1931 baec,
651 1891 783 1937 prout
799 1879 973 1921 formari
996 1879 1375 1938 anirnosjudicum
1398 1893 1533 1937 expe-

173 1949 247 1979 iet.

195 1994 378 2038 Turbari
408 1994 632 2045 memoria,
664 1992 733 2038 vel
762 1992 1052 2039 ‚continuandi
1076 1995 1208 2040 verba
1228 1992 1436 2041 facultate
1457 1993 1532 2036 dep

138 2053 275 2103 stitui,
300 2067 507 2109 nus-quam
543 2051 731 2108 turpius:
765 2066 864 2098 cum
887 2050 1088 2094 viti-osum
1111 2052 1372 2108 prooemium
1399 2052 1535 2108 possit

139 2109 276 2152 videri
299 2117 348 2152 ut
369 2109 624 2153 cicatricosa
642 2108 797 2154 facies:
814 2118 862 2150 et
885 2109 1092 2164 pessimus
1110 2117 1232 2150 certe
1251 2110 1535 2165 gubernator,

137 2167 397 2224 qui‘navem,
431 2167 535 2209 dum
557 2174 730 2223 portum
753 2166 990 2223 egreditur,
1023 2166 1222 2223 impegit,

199 2224 357 2267 Modus
377 2232 523 2266 autem
553 2223 774 2280 principii,
803 2239 883 2280 pro
915 2237 1069 2265 causa:
1101 2239 1201 2266 nam
1234 2223 1406 2266 brevius
1428 2223 1531 2266 sim-

140 2279 292 2337 plices‚
323 2281 498 2338 longius
514 2281 730 2338 perplexae
751 2288 1041 2337 suspectaeque
1062 2289 1109 2322 et
1130 2280 1328 2332 infames,
1358 2280 1532 2323 deside-

138 2347 251 2381 rant.
312 2339 504 2382 Ridendi
528 2353 646 2389 vero,
677 2338 751 2394 qui
775 2339 892 2380 velut
924 2337 1044 2393 leges
1077 2339 1296 2394 prooemiis
1329 2339 1532 2381 omnibus

139 2394 371 2446 dederunt,
402 2403 451 2438 ut
483 2396 595 2438 intra
626 2405 811 2452 quatuor
841 2410 988 2438 sensus
1025 2396 1372 2439 terminarentur.
1435 2396 1531 2438 Nec

140 2453 283 2494 minus
302 2453 506 2495 evitanda
521 2461 586 2495 est
606 2453 844 2495 immodica
864 2453 956 2510 ejus
977 2451 1222 2508 longitudo,
1256 2469 1310 2495 ne
1333 2455 1376 2496 in
1399 2461 1532 2511 caput

140 2509 383 2552 excrevisse
399 2510 612 2561 videatur,
642 2518 686 2552 et
706 2526 792 2566 quo
816 2525 1057 2567 praeparare
1075 2510 1207 2552 debet
1228 2510 1395 2568 fatiget.

199 2565 451 2609 Sermonem
476 2581 501 2608 a
523 2568 882 2625 personajudicis
899 2582 1114 2618 aversum,
1146 2583 1244 2624 quae
1265 2568 1441 2623 ἀποςςοφὸ
1463 2568 1530 2609 di*

139 2623 268 2673 citur,
298 2623 476 2680 quidam
499 2624 542 2667 in
566 2631 706 2666 totum
729 2640 754 2666 a
774 2625 988 2681 prooemio
1010 2626 1291 2673 submovent3
1324 2625 1531 2673 nonnulla

141 2680 317 2737 quidem
340 2682 383 2724 iu
406 2680 518 2723 hanc
537 2682 859 2737 persuasionem
876 2682 1043 2724 ratione
1060 2683 1203 2725 ducti:
1237 2696 1336 2725 nam
1359 2696 1530 2738 prorsus

184 2800 237 2859 (ἰ)
263 2818 422 2853 Deducfa:
443 2820 556 2852 tenuis
576 2824 611 2855 et
625 2821 765 2854 subtilis.
816 2820 1019 2854 Circumlata.-
1043 2821 1209 2863 periodica
1219 2832 1231 2862 3
1258 2831 1333 2864 quae
1351 2826 1442 2855 certo
1457 2831 1528 2854 ver·

141 2865 259 2896 borum
277 2865 418 2897 circuitu
433 2868 466 2896 et
482 2874 620 2897 numero
637 2866 937 2908 comprehenditur.

791 2915 881 2957 113
