2015 3341
443 105 508 151 46
925 120 1021 153 mn.
1054 120 1112 153 11.
1172 121 1281 152 CAP.
1313 117 1358 154 v.

445 207 578 263 positi
606 207 710 259 cibi,
741 217 817 249 ant
852 210 1064 264 pudorem
1096 209 1364 265 deprehensa
1397 209 1526 251 toties
1560 208 1830 252 audientium

444 266 655 305 memoria
676 266 828 305 infelix
852 266 1070 321 supellex3
1103 282 1217 321 quae,
1250 266 1360 307 sieut
1380 267 1493 321 apud
1516 281 1722 322 pauperes
1741 282 1832 307 am-

446 320 644 371 bitiosos,
676 322 868 377 pluribus
891 332 935 362 et
956 322 1136 363 diversis
1168 323 1322 363 officiis
1353 329 1625 364 conteratur:
1658 338 1755 365 cum
1778 338 1832 364 eo

445 379 512 427 (1)
534 378 727 432 quidem,
755 378 871 433 quod
893 379 966 419 vix
997 379 1104 420 ullus
1137 393 1203 419 est
1224 388 1311 419 tam
1333 379 1556 420 communis
1591 380 1728 430 locus,-
1756 380 1831 434 qui

444 434 582 487 possit
602 434 822 475 cohaerere
840 450 937 475 eum
955 450 1097 486 causa,
1118 436 1198 475 nisi
1217 435 1362 490 aliquo
1380 436 1565 491 propriae
1581 437 1833 490 quaestionis

443 489 623 530 vinculo
652 491 907 546 copulatusg
943 502 1234 547 appareatque
1265 506 1363 532 eum
1391 506 1477 532 non
1507 500 1595 532 tam
1622 492 1832 533 insertum

444 560 574 599 quam
592 547 864 603 applicitum,
884 548 949 589 ve]
967 549 1082 603 quod
1101 548 1320 590 dissimilis
1342 554 1407 589 est
1427 549 1611 599 caeteris,
1625 548 1694 590 vel
1715 548 1833 603 quod

444 602 700 659 plerumque
722 605 879 645 assumi
902 606 1033 646 etiam
1053 620 1202 662 parum
1226 614 1324 661 apte
1348 604 1473 655 solet,
1497 620 1582 646 non
1601 605 1702 660 quia
1719 605 1834 645 desi-

445 659 646 710 deratur„
668 661 742 702 sed
771 662 872 716 quia
903 670 1076 718 paratus
1112 670 1203 704 est:
1237 672 1284 703 ut
1318 662 1495 717 quidam
1524 663 1835 703 sententiarum

444 717 585 771 gratia
602 719 925 760 verbosissimos
949 719 1065 761 locos
1085 728 1320 769 arcessunt,
1352 734 1449 759 eum
1468 734 1521 760 ex
1545 719 1654 760 iocis
1676 719 1835 760 debeat

443 774 563 814 nasei
584 776 814 817 sententia.
874 776 944 817 [ta
971 784 1071 818 sunt
1093 786 1238 817 autem
1269 776 1466 831 speciosa
1494 776 1589 817 haec
1621 785 1666 817 et
1696 775 1832 825 utilia,

441 831 479 870 si
503 831 699 873 oriuntur
719 847 774 874 ex
795 848 938 875 causa.
991 833 1211 875 Caeterum
1227 832 1469 889 quamlibet
1488 833 1635 888 pulcra
1654 833 1835 882 locutio,

442 887 527 927 nisi
548 888 603 929 ad
631 890 857 931 victoriam
894 890 1049 941 tendit,
1079 891 1228 946 utique
1250 905 1527 946 supervacua,
1559 890 1634 930 sed
1657 889 1831 931 interim

443 944 577 985 etiam
599 948 815 987 contraria
834 955 913 988 est.
963 948 1125 988 Verum
1146 947 1353 988 haetenus
1371 947 1543 1003 evagari
1565 947 1666 988 satis
1687 946 1834 987 fuerit.

503 1001 671 1057 Legum
693 1004 782 1044 laus
804 1013 850 1045 et
871 1005 1129 1060 vituperatio
1154 1005 1248 1060 jam
1283 1004 1466 1059 majores
1488 1019 1538 1045 ac
1559 1018 1694 1062 prope
1715 1019 1833 1045 sum-

442 1058 526 1099 mis
549 1060 752 1115 operibus
773 1061 1024 1103 suffecturas
1049 1062 1157 1102 vires
1180 1061 1441 1102 desiderant.
1476 1093 1486 1102 .
1521 1092 1533 1102 .

504 1115 589 1156 His
624 1117 713 1157 fere
746 1127 912 1159 veteres
942 1117 1191 1159 facultatem
1224 1117 1398 1158 dicendi
1431 1125 1732 1168 exercuerunt,
1765 1133 1833 1159 as·-

445 1181 588 1213 sumta
622 1181 766 1214 tamen
796 1190 821 1215 a
842 1174 1076 1216 dialecticis
1108 1174 1441 1230 argumentandi
1472 1174 1655 1216 ratione.
1699 1175 1831 1217 ‚Nam

443 1228 567 1270 fictas
587 1230 642 1270 ad
666 1230 952 1273 imitationem
973 1231 1056 1272 fori
1091 1231 1456 1286 consiliorumque
1488 1232 1688 1273 materias
1717 1231 1832 1287 apud

445 1285 627 1327 Graecos
641 1287 802 1339 dicere,
821 1289 935 1330 eirca
952 1288 1226 1330 Demetrium
1247 1287 1461 1330 Phalerea
1480 1288 1724 1329 institutum
1745 1290 1834 1331 fere

444 1350 630 1384 constat.
689 1344 758 1386 An
781 1347 835 1386 ab
854 1346 946 1401 ipso
968 1345 1011 1387 id
1035 1360 1170 1401 genus
1187 1345 1512 1386 exercitationis
1534 1346 1587 1386 sit
1608 1346 1833 1387 inventum

445 1402 514 1451 (ut
535 1400 621 1442 alio
639 1416 810 1457 quoque
832 1402 941 1443 libro
964 1418 1058 1444 sum
1079 1402 1320 1454 confessus)
1343 1417 1495 1458 parum
1515 1403 1725 1459 comperi,
1757 1403 1834 1444 sed

443 1471 501 1497 ne
537 1458 566 1499 ii
601 1459 794 1513 quidem,
837 1460 910 1514 qui
947 1460 1032 1501 hoc
1064 1460 1297 1501 fortissime
1333 1459 1565 1510 affirmant,
1607 1460 1699 1501 ullo
1731 1460 1833 1501 satis

443 1513 605 1556 idoneo
635 1527 812 1557 auctore
844 1518 1054 1558 nituntur.
1115 1516 1292 1558 Latinos
1314 1531 1416 1557 vero
1438 1516 1611 1558 dicendi
1638 1531 1833 1574 proeeep·

443 1578 560 1612 tores
601 1574 808 1614 extremis
847 1574 895 1614 L.
939 1573 1080 1615 Crassi
1124 1574 1391 1630 temporibus
1431 1575 1633 1630 coepisse,
1676 1575 1832 1616 Cicero

442 1638 597 1670 auctor
615 1638 704 1671 est:
737 1645 920 1685 quorum
942 1631 1123 1685 insignis
1140 1632 1329 1671 maxime
1351 1630 1521 1672 Plotius
1542 1631 1641 1672 fuit.

501 1685 553 1726 V.
586 1687 701 1728 SED
735 1687 789 1727 de
820 1689 986 1728 ratione
1023 1687 1290 1729 declamandi
1324 1697 1422 1743 post
1456 1688 1610 1742 paulo:
1644 1687 1834 1740 interim,

442 1743 545 1796 quia
566 1743 704 1799 prima
721 1744 956 1785 rhetorices
977 1745 1221 1786 rudimenta
1242 1754 1490 1795 tractamuS,
1521 1760 1606 1786 non
1626 1746 1834 1786 omitten-

443 1801 548 1840 dum
571 1800 742 1841 videtur
773 1801 814 1841 id
838 1816 1024 1857 quoque,
1059 1811 1104 1842 ut
1123 1816 1340 1851 moneam,
1369 1811 1578 1857 quantum
1610 1802 1666 1843 sit
1700 1802 1832 1844 colla·-

443 1865 563 1897 turus
585 1857 637 1898 ad
662 1857 905 1913 profectum
927 1859 1185 1900 discentium
1207 1858 1368 1908 rhetor,
1391 1859 1442 1908 si,
1462 1859 1831 1913 quemadmodum

442 1928 468 1954 a
490 1915 784 1970 grammaticis
803 1915 994 1970 exigitur
1008 1923 1235 1971 poctarum
1255 1915 1490 1965 enarratio,
1521 1916 1581 1956 ita
1605 1917 1696 1972 ipse
1723 1930 1833 1972 quo·

442 1985 526 2025 que
547 1969 746 2021 histor-im,
779 1982 907 2027 atque
936 1972 1067 2013 etiam
1098 1973 1237 2028 magis
1259 1973 1500 2014 orationum
1530 1972 1717 2014 lectione
1739 1988 1831 2014 sus—

441 2035 592 2083 ceptos
614 2043 639 2069 a
667 2043 711 2069 se
743 2027 976 2084 discipulos
1009 2029 1286 2071 instruxerit:
1317 2029 1435 2084 quod
1472 2044 1551 2070 nos
1587 2030 1631 2071 in
1666 2032 1832 2086 paucis,

441 2098 625 2138 quorum
650 2085 691 2126 id
717 2094 820 2126 aetas
842 2086 1064 2139 exigebat,
1096 2094 1140 2126 et
1167 2095 1366 2142 parentes
1388 2086 1491 2127 utile
1514 2101 1606 2127 esse
1633 2087 1831 2129 credide·

439 2150 553 2192 rant,
572 2142 850 2183 servavimus.
902 2143 1120 2184 Caeterum
1139 2143 1527 2198 sentieiitibusjam
1542 2151 1633 2184 tum
1649 2145 1830 2199 optima,

441 2196 540 2239 duae
562 2213 628 2239 res
650 2199 964 2254 impedimento
981 2200 1182 2250 fuerunt5
1213 2199 1328 2255 quod
1347 2211 1391 2240 et
1411 2200 1542 2255 longa
1558 2202 1829 2244 consuetudo

441 2254 570 2296 auter
589 2255 775 2297 docendi
798 2256 959 2297 fecerat
975 2256 1134 2312 legem,
1166 2266 1210 2299 et
1231 2258 1392 2298 robusti
1418 2256 1717 2312 ferejuvenes,
1747 2273 1829 2301 nee

440 2309 560 2353 hune
576 2311 765 2354 laborem
790 2313 1099 2364 desiderantes,
1119 2313 1367 2370 exemplum
1385 2318 1450 2366 (Q)
1465 2323 1656 2356 nostrum
1676 2329 1830 2371 seque-

439 2367 612 2410 bantur.
673 2370 766 2411 'Nee
794 2379 957 2420 tamen,
989 2370 1148 2426 siquid
1183 2371 1283 2412 novi
1318 2370 1384 2412 vei
1422 2385 1516 2412 sero
1550 2371 1827 2423 invenissem,

438 2426 676 2481 praecipere
712 2427 755 2467 in
785 2436 1002 2482 posterum
1026 2427 1223 2483 puderet.
1284 2427 1412 2469 Nunc
1433 2443 1535 2469 vero
1559 2429 1647 2469 scio
1669 2428 1711 2470 id
1735 2429 1827 2471 fieri

439 2483 553 2540 apud
580 2484 775 2535 Gra-cos,
806 2484 879 2526 sed
908 2485 1048 2542 magis
1070 2500 1148 2542 per
1167 2484 1412 2542 adjutore53
1443 2485 1544 2542 quia
1564 2499 1653 2527 non
1676 2486 1828 2529 viden·

484 2602 536 2640 (1)
559 2602 783 2641 Praeterquam
801 2603 899 2642 quod.

482 2647 534 2684 (Q.)
558 2647 630 2675 Non
648 2647 800 2684 legebant
816 2647 848 2676 iu
866 2646 979 2677 schola
995 2647 1176 2685 historicos,
1202 2651 1237 2678 et
1252 2655 1398 2679 oratores
1415 2649 1502 2680 unde
1513 2649 1666 2689 exempla
1684 2649 1827 2682 scriben-

438 2687 472 2719 di
490 2694 659 2727 peterent3
687 2690 742 2719 sed
760 2691 928 2729 proposita
945 2702 964 2720 a
979 2692 1069 2722 nobis
1085 2693 1239 2730 exempla
1265 2695 1498 2732 sequebantur.
1547 2693 1648 2723 Paulo
1669 2693 1825 2724 inferius:

438 2732 493 2763 An
510 2743 576 2762 vero
592 2733 767 2763 declamabit
783 2734 899 2774 quidem
917 2740 1086 2775 pmceptor,
1110 2740 1145 2766 ut
1170 2736 1208 2770 sit
1229 2737 1363 2779 exemplo
1383 2737 1443 2769 suis
1459 2736 1664 2769 nuditatibus:
1687 2747 1745 2770 non
1756 2737 1829 2780 plus

439 2776 620 2808 contulerint
632 2777 701 2809 lecti
718 2777 816 2810 Cicero
833 2788 867 2810 ac
878 2778 1093 2811 Demosthenes
1104 2781 1122 2811 ,ἲ
