2015 3341
406 105 493 150 264
872 120 973 150 Lm.
1007 121 1078 150 ix.
1140 119 1245 149 cAv.
1278 119 1346 148 iv.

411 206 618 247 membris
652 215 697 247 et
725 205 886 257 incisis,
918 223 1015 262 quae
1052 208 1194 264 plures
1232 224 1378 250 sensus
1413 207 1601 249 habent:
1635 206 1803 250 Aderat

397 263 573 318 janitor
595 264 789 311 carceris,
821 271 861 304 ec
883 264 1302 321 cat·n{fle.1·prcetoris‚
1336 273 1380 306 et
1414 265 1591 320 reliqua.
1653 265 1804 305 Habet

410 319 615 375 periodus
637 322 831 360 membra
847 322 1075 362 minimum
1097 322 1207 362 duo:
1232 322 1398 362 medius
1415 336 1614 362 numerus
1637 321 1804 360 videtur

413 386 620 429 quatuor:
654 376 726 416 sed
764 377 919 432 recipit
953 377 1200 433 frequenter
1233 387 1277 418 et
1311 378 1446 434 plura.
1509 378 1672 418 Modus
1708 377 1745 416 ei
1781 391 1807 416 a

413 432 627 472 Cicerone
650 440 724 472 aut
755 442 939 487 quatuor
961 435 1135 475 senariis
1156 436 1361 482 versibus,
1384 444 1458 475 aut
1479 435 1610 490 ipsius
1632 433 1806 488 spiritus

411 488 547 529 modo
573 490 842 531 terminatur.
876 489 1087 531 Praestare
1111 491 1256 541 debet,
1289 500 1336 532 ut
1357 505 1525 531 sensum
1547 489 1804 530 concludat:
1834 492 1846 502 χ

413 544 468 584 sit
485 553 648 598 aperta,
682 553 730 586 ut
751 545 935 603 intelligi
955 548 1109 603 possit:
1142 563 1231 589 non
1253 548 1500 597 immodica,
1533 557 1580 587 ut
1600 545 1809 587 memoria

417 610 654 642 contineri.

468 657 709 700 Membram
749 658 922 716 longius
953 661 1093 718 justo,
1135 661 1329 710 tardum;
1387 661 1561 702 brevius
1601 658 1804 701 instabile

414 725 496 756 est.

475 771 739 827 Ubicunque
771 773 926 814 acriter
947 774 1029 814 erit
1062 782 1106 815 et
1139 775 1347 816 instanter
1378 775 1718 831 pngnaeiterque
1742 773 1810 813 di-

415 829 620 877 cendum,
650 830 916 871 membratim
938 831 1144 884 caesimque
1167 833 1383 873 dicemus:
1416 847 1511 872 nam
1542 831 1626 871 hoc
1648 831 1690 870 in
1714 845 1811 870 ora-

416 886 535 925 tione
574 885 809 940 plurimum
851 888 988 929 valet:
1035 889 1232 943 adeoque
1272 890 1398 929 rebus
1439 886 1810 928 accommodanda

416 943 693 996 compositio,
729 951 774 984 ut
807 945 967 998 asperis
1004 959 1176 1000 asperos
1210 946 1340 985 etiam
1376 959 1577 985 numeros
1611 943 1809 984 adbiberi

417 1006 632 1052 oporteat,
665 1007 827 1040 etcum
851 1001 1023 1042 dicente
1059 1017 1180 1056 aeqne
1213 1002 1462 1043 audientem
1499 1001 1810 1042 inhorrescere.

419 1054 707 1096 Membratim
740 1056 990 1112 plerumque
1031 1059 1313 1107 narrabimus,
1346 1066 1421 1098 aut
1463 1058 1574 1112 ipsas
1611 1057 1812 1111 periodos

417 1111 655 1166 majoribus
690 1113 940 1163 intervallis,
974 1123 1017 1154 et
1047 1115 1163 1155 velut
1194 1115 1428 1155 laxioribus
1467 1115 1592 1154 nodis
1625 1113 1813 1154 resolve-

416 1181 534 1208 mus:
567 1169 780 1224 exceptis‚
813 1185 909 1224 quae
931 1185 1016 1210 non
1041 1170 1228 1212 docendi
1253 1173 1390 1226 gratia
1413 1171 1487 1211 sed
1510 1170 1690 1211 ornandi
1717 1184 1814 1210 nar-

418 1233 588 1273 1·antur;
633 1236 694 1274 ut,
727 1225 769 1266 in
805 1226 996 1274 ¹ferrem,
1029 1226 1296 1284 Proserpina}
1340 1234 1514 1282 raptus:
1560 1227 1654 1267 haec
1695 1228 1813 1268 enim

416 1280 526 1321 lenis
548 1290 592 1321 et
614 1282 750 1322 fluens
773 1292 1006 1323 contextus
1029 1284 1170 1326 decet.
1235 1285 1444 1325 Ihm-iosias
1463 1295 1562 1339 apta
1585 1284 1811 1338 prooemiis

418 1338 633 1392 majorum
676 1354 917 1389 causarum,
960 1340 1034 1380 ubi
1078 1341 1370 1390 solicitudine,
1417 1341 1814 1390 commendatione,

418 1395 697 1435 miseratione
720 1410 785 1436 res
807 1407 930 1451 eget3
964 1397 1065 1438 item
1090 1399 1394 1439 communibus
1416 1398 1539 1446 locis,
1568 1405 1611 1437 et
1634 1398 1674 1437 in
1697 1397 1814 1440 omni

421 1451 786 1506 amplificatione:
819 1453 893 1493 sed
918 1455 1109 1508 poscitur
1128 1464 1215 1496 tum
1241 1466 1425 1505 austera,
1449 1456 1480 1494 si
1503 1468 1698 1504 aecuses3
1721 1462 1815 1494 tuin

421 1506 532 1557 fusa,
566 1509 599 1549 si
624 1509 786 1549 laudes.
849 1509 1042 1551 Multum
1071 1519 1116 1552 et
1150 1511 1191 1552 in
1227 1512 1414 1567 epilogis
1447 1511 1595 1567 pollet.
1655 1511 1818 1553 Totum

422 1573 567 1605 autem
603 1566 899 1607 adhibendum
936 1576 1016 1617 est,
1048 1582 1134 1622 quo
1171 1569 1225 1609 sit
1265 1569 1449 1623 amplius
1487 1568 1818 1623 compositionis

422 1635 577 1676 genus,
610 1624 862 1677 etinijtidex
888 1639 974 1665 non
997 1624 1138 1665 solum
1161 1641 1248 1666 reni
1275 1634 1408 1676 tenet,
1442 1625 1513 1666 sed
1550 1625 1680 1665 etiam
1717 1639 1820 1679 cap-

424 1689 493 1719 tus
511 1690 575 1720 est
592 1680 803 1732 oratione,
836 1689 881 1722 et
902 1696 945 1722 se
968 1681 1107 1722 credit
1131 1683 1282 1733 actori,
1315 1692 1359 1725 et
1384 1682 1601 1739 voluptate
1622 1682 1714 1738 jam
1737 1682 1818 1722 du-

427 1742 556 1776 eitur.

486 1793 683 1834 Historia
716 1808 799 1834 non
821 1804 905 1835 tam
929 1795 1074 1836 finitos
1096 1810 1313 1848 numeros,
1345 1811 1473 1850 quain
1497 1795 1644 1836 orbem
1669 1809 1820 1849 quem-

427 1848 528 1890 dam
551 1858 892 1906 contextumque
915 1852 1145 1893 desiderat.
1180 1853 1377 1907 Namque
1401 1853 1546 1892 omnia
1568 1853 1658 1907 ejus
1683 1866 1820 1892 mem-

428 1907 506 1946 bra
543 1922 742 1948 connexa
781 1918 896 1958 sunt,
942 1910 1146 1963 quoniam
1188 1909 1356 1950 lubrica
1393 1917 1472 1958 est,
1520 1924 1570 1949 ac
1607 1909 1724 1949 fluit:
1774 1917 1821 1949 ut

426 1962 643 2014 homines,
659 1966 730 2019 qui
746 1965 940 2006 manibus
955 1967 1137 2007 invicem
1151 1966 1428 2022 apprehensis
1439 1965 1619 2020 gradum
1633 1966 1819 2016 firmant,

428 2022 656 2061 continent
678 2031 723 2062 et
743 2023 1036 2064 continentur.
1102 2022 1498 2064 Demonstrativum
1523 2036 1658 2077 genus
1690 2037 1819 2064 omne

431 2076 612 2118 fusiores
634 2078 765 2121 habet
787 2078 1094 2134 liberioresque
1118 2095 1332 2120 numeros.
1392 2079 1611 2121 ,iudiciale
1643 2090 1687 2119 et
1717 2094 1823 2120 con-

433 2134 618 2184 cionale,
641 2142 689 2175 ut
707 2137 887 2177 materia
905 2137 1069 2180 varium
1092 2145 1171 2187 est,
1194 2138 1254 2178 sie
1271 2138 1401 2178 etiam
1424 2136 1515 2193 ipsa
1536 2135 1822 2178 collocatione

434 2193 681 2233 verborum.

491 2248 580 2289 Ubi
607 2249 700 2303 jam
738 2249 863 2290 nobis
893 2264 990 2305 pars
1025 2265 1079 2292 ex
1113 2249 1296 2300 duabus,
1329 2265 1433 2305 quas
1466 2249 1599 2290 modo
1622 2249 1820 2301 fecimus,

434 2305 624 2346 secunda
646 2306 868 2346 tractanda
889 2315 968 2348 est.
1015 2308 1126 2349 Nam
1151 2308 1244 2361 quis
1267 2307 1438 2348 dubitat
1458 2307 1541 2347 alia
1562 2307 1715 2356 lenius,
1739 2307 1826 2351 alia.

434 2363 710 2411 concitatius,
742 2362 823 2403 alia
855 2364 1094 2413 sublimius,
1124 2364 1209 2404 alia
1246 2365 1499 2420 pugnacius,
1532 2363 1617 2404 alia
1652 2365 1824 2418 gravius

436 2432 528 2458 esse
546 2418 758 2462 dicenda?
783 2421 1000 2475 gravibus,
1023 2420 1294 2470 sublimibus,
1313 2421 1488 2470 ornatis,
1512 2420 1664 2476 longas
1689 2421 1824 2476 magis

392 2496 395 2498 ·
437 2474 623 2529 syllabas
645 2477 904 2518 convenire?
938 2479 998 2518 ita
1029 2485 1077 2518 ut
1104 2477 1219 2518 lenia
1242 2480 1303 2530 (l)
1329 2479 1530 2533 spatium,
1563 2477 1827 2519 sublimi-aet

438 2540 589 2571 ornata
606 2531 845 2573 claritatem
869 2549 1040 2590 quoque
1059 2550 1213 2576 vocum
1234 2545 1427 2590 poseant,
1450 2536 1592 2590 potius
1608 2550 1735 2589 quam
1758 2534 1827 2576 his

437 2589 668 2630 contraria.
732 2589 880 2645 Magis
921 2591 1141 2633 laudarem
1185 2592 1387 2633 brevibus
1424 2604 1697 2647 argumenta,
1728 2605 1828 2648 pars

486 2712 536 2761 (1)
561 2712 712 2753 Spanum
730 2713 858 2755 longius
876 2713 905 2745 in
922 2715 1175 2759 pronuntiando.
1202 2714 1244 2747 R.
1293 2717 1367 2748 Vid.
1385 2722 1450 2749 not.
1467 2727 1559 2761 prox.
1577 2725 1646 2764 seq.
1671 2715 1707 2753 O,
