2015 3341
425 105 512 141 210
709 139 713 143 .
867 113 1105 144 max-⁷111.
1167 113 1373 143 omnm.

428 208 571 245 sensu,
603 193 688 235 alia
711 199 892 250 reperta,
926 208 1023 248 quae
1045 208 1098 234 ex
1127 191 1194 232 his
1224 193 1336 233 facta
1359 201 1473 243 sunt,
1503 203 1552 235 ut
1570 195 1661 250 jam
1685 194 1811 237 nobis

429 263 589 306 ponere
612 252 708 300 alia,
740 265 866 306 quam
892 265 988 304 quie
1011 250 1071 289 illi
1096 249 1221 289 rudes
1244 250 1440 290 homines
1463 252 1674 306 primique
1699 253 1812 294 fecc-

431 316 546 357 rum,
579 307 641 348 fas
660 323 743 348 non
770 308 838 356 sit,
873 307 931 346 ita
949 307 1157 354 derivare,
1178 306 1368 354 flectere,
1392 308 1674 362 conjungere,
1695 310 1812 363 quod

430 365 543 404 natis
571 372 720 420 postea
748 377 999 404 concessum
1022 374 1101 411 est,
1135 362 1308 416 quando
1327 363 1454 404 desiit
1473 364 1631 405 licere?
1675 365 1747 414 Et,
1779 367 1815 407 si

430 421 533 474 quid
558 419 1025 476 periculosiuslinxisse
1050 419 1307 468 videbimur,
1339 420 1594 475 quibusdam
1612 422 1813 463 remediis

430 477 804 531 praemuniendum
859 485 946 516 est:
1005 475 1061 516 Ut
1104 475 1165 515 ita
1208 476 1370 526 ἅίεαηῑς
1423 476 1472 518 Si
1515 477 1610 517 licet
1652 478 1812 528 dicere,·

434 531 780 582 Quodamtnod03
835 533 1080 574 Permittite
1123 532 1246 573 mihi:
1287 536 1348 586 (Ι)
1384 533 1511 574 sicuti
1552 534 1728 588 quidem
1771 545 1817 577 et

432 590 474 630 in
499 590 564 639 iis,
595 606 693 645 quae
726 590 925 630 licentius
960 588 1163 629 translata
1195 597 1337 638 erunt,
1369 589 1579 645 proderit,
1609 606 1706 645 quae
1731 606 1817 634 non

435 653 529 686 tuto
562 647 646 687 dici
684 657 877 703 possunt.
945 645 990 686 ln
1023 660 1110 700 quo
1144 661 1226 686 non
1261 645 1582 702 fullijudicium
1608 659 1816 699 nostrum,

435 703 713 744 solicitudine
751 705 842 760 ipsa
877 703 1153 744 manifestum
1187 702 1290 743 erit:
1323 718 1407 757 qua
1441 703 1494 744 de
1532 718 1574 743 re
1613 705 1819 746 Graeeum

432 761 512 800 erit
529 761 629 802 illud
651 761 1034 815 elegantissimum,
1050 774 1136 815 quo
1154 759 1404 815 praecipitui·
1420 761 1497 811 ita,
1515 763 1575 814 (Q)
1591 763 1821 815 προεπιπλῆσ-

432 834 498 855 σειν
519 819 560 871 τῇ
573 818 746 871 ὑπεξςολῇ.

495 869 723 912 Translata
758 870 926 927 probari
961 869 1043 910 nisi
1078 869 1118 910 in
1154 876 1361 910 contextu
1383 869 1591 909 sermonis
1612 881 1696 910 non
1723 883 1820 925 pos-

434 935 549 967 sunt.
612 927 761 982 Itaque
783 928 837 968 (le
858 927 1033 983 singulis
1054 926 1195 967 verbis
1216 924 1317 966 satis
1339 925 1527 966 dictum:
1560 940 1655 980 quae
1679 940 1754 979 per
1774 941 1819 967 se

434 983 592 1025 nullam
617 985 818 1025 virtutem
854 984 1037 1024 liabent:
1071 983 1144 1023 sed
1181 991 1234 1023 ne
1269 983 1465 1023 inornata
1497 990 1596 1023 sunt
1628 982 1820 1036 quidem,

435 1041 514 1081 nisi
533 1056 632 1082 cum
649 1049 747 1082 suut
766 1042 873 1082 infra
890 1041 964 1089 rei,
989 1040 1040 1080 de
1056 1054 1141 1094 qua
1161 1038 1422 1092 loquendum
1437 1050 1516 1087 est,
1536 1039 1820 1093 dignitatem3

434 1106 638 1152 excepto,
662 1095 695 1138 si
719 1099 923 1138 obseoena
946 1096 1071 1137 nudis
1093 1096 1338 1135 nominibus
1369 1096 1671 1136 enuncientur:
1705 1097 1823 1150 quod

438 1153 641 1203 viderint,
673 1156 743 1209 qui
781 1169 864 1195 non
899 1163 1054 1209 putant
1083 1166 1173 1192 esse
1208 1151 1399 1199 vitanda,
1431 1152 1531 1206 quia
1558 1166 1637 1192 nec
1659 1153 1714 1192 sit
1738 1168 1821 1194 vox

436 1209 525 1251 ulla
549 1221 700 1251 natura
724 1211 881 1266 turpis;
913 1217 972 1258 et,
995 1210 1026 1249 si
1047 1224 1131 1263 qua
1151 1217 1215 1248 est
1236 1208 1294 1248 rei
1315 1207 1581 1256 deformitas,
1613 1207 1694 1249 alia
1714 1224 1822 1264 quo-

437 1281 520 1322 que
543 1267 834 1322 appellatione
853 1279 1106 1321 quacunque
1125 1266 1175 1305 ad
1196 1264 1466 1305 intellectum
1485 1264 1671 1306 eundem
1691 1265 1821 1306 nihil-

437 1324 608 1364 ominus
623 1325 894 1380 perveniatur
911 1340 920 1364 :
937 1337 1018 1378 ego
1042 1322 1222 1363 Romani
1241 1321 1414 1376 pudoris
1437 1336 1555 1362 more
1577 1332 1825 1374 contentus,

437 1380 590 1436 utjam
614 1381 811 1436 respondi
837 1380 1008 1428 talibus,
1039 1378 1344 1420 verecundiam
1378 1377 1551 1419 silentio
1575 1379 1825 1421 vindicabo,

494 1437 595 1479 Jam
619 1438 718 1479 hinc
740 1438 871 1493 igitur
893 1437 944 1478 ad
970 1435 1181 1493 conjuncti
1203 1435 1408 1476 sermonis
1433 1436 1642 1476 rationem
1666 1443 1828 1478 transe-

438 1508 581 1536 amus:
616 1496 735 1550 cujus
758 1503 932 1535 ornatus
958 1493 999 1533 in
1040 1496 1132 1534 haec
1155 1492 1242 1533 duo
1265 1492 1402 1548 prima
1424 1490 1647 1541 dividitur,
1681 1494 1824 1540 Quam

438 1551 734 1607 concipiamus
772 1552 1082 1598 elocutionem,
1123 1550 1222 1594 Quo
1260 1548 1392 1589 modo
1435 1547 1683 1591 efferamus:
1727 1565 1827 1592 nam

437 1608 621 1663 primum
653 1616 734 1659 est,
766 1619 813 1650 ut
846 1609 1024 1663 liqueat,
1056 1621 1214 1662 augere
1247 1606 1349 1661 quid
1383 1605 1577 1655 velimus,
1609 1621 1660 1647 an
1685 1608 1828 1649 minu-

440 1680 534 1715 ere3
579 1667 796 1707 concitate
838 1666 998 1713 dicere,
1030 1679 1082 1704 an
1123 1663 1367 1713 moderate3
1413 1662 1530 1712 laete,
1561 1677 1612 1703 an
1657 1678 1828 1714 seve1·e;

440 1722 726 1769 abundanter,
754 1738 805 1763 an
830 1736 992 1778 presse3
1026 1735 1191 1776 aspere,
1221 1735 1272 1760 an
1296 1720 1470 1769 leniter3
1503 1720 1748 1775 magnifice,
1771 1736 1827 1762 an

440 1780 679 1831 subtiliter;
726 1781 930 1835 graviter,
963 1793 1016 1819 an
1056 1778 1240 1818 urbane:
1276 1782 1378 1825 tum,
1411 1791 1497 1831 quo
1537 1777 1829 1821 translationis

441 1850 614 1889 genere,
646 1837 801 1891 quibus
841 1835 1004 1891 figuris,
1037 1833 1234 1889 qualibus
1280 1834 1521 1882 sententiis,
1553 1848 1638 1888 quo
1679 1835 1828 1885 modo,

440 1887 526 1948 {sua
547 1904 764 1948 postremo
794 1893 1098 1940 collocatione,
1131 1891 1191 1940 id,
1211 1891 1326 1946 quod
1351 1890 1630 1940 intendimus,
1659 1890 1829 1934 efficere

440 1951 670 2005 possimus.
751 1949 985 1998 Caeterum‚
1038 1948 1229 1988 dicturus
1265 1948 1421 2002 quibus
1460 1954 1636 1988 ornetur
1675 1950 1832 2000 oratio,

441 2007 559 2062 prius
588 2022 654 2057 ea,
686 2021 783 2062 quae
813 2016 912 2048 sunt
933 2005 1027 2046 huic
1050 2004 1267 2046 contraria
1293 2003 1428 2053 laudi,
1460 2004 1696 2059 attingam:
1731 2020 1830 2048 nam

443 2064 582 2119 prima
605 2064 737 2104 virtus
772 2072 852 2113 est,
885 2067 946 2114 (13)
987 2062 1092 2104 vitio
1131 2076 1288 2102 carere.
1350 2061 1504 2117 igitur,
1536 2074 1635 2101 ante
1669 2064 1828 2114 omnia,

443 2135 497 2161 ne
520 2135 736 2176 speremus
756 2128 944 2161 ornatam
970 2120 1211 2160 orationem
1230 2119 1336 2167 fore,
1367 2133 1464 2172 quae
1487 2118 1723 2173 probabilis
1743 2135 1830 2162 non

443 2178 545 2218 erit:
573 2177 798 2232 probabile
831 2185 975 2218 autem
1010 2175 1166 2217 Cicero
1201 2175 1243 2215 id
1279 2189 1412 2231 genus
1443 2174 1565 2223 dicit,
1596 2176 1711 2230 quod
1745 2191 1832 2222 non

442 2234 539 2290 plus
562 2236 754 2275 minusve
777 2242 841 2275 est
857 2248 983 2289 quam
1009 2232 1155 2274 decet:
1190 2246 1274 2273 non
1299 2232 1400 2286 quia
1419 2232 1533 2272 comi
1557 2233 1830 2288 expolirique

440 2305 527 2332 non
550 2291 723 2341 debeat,
749 2298 864 2344 (nam
883 2302 924 2331 et
947 2290 1039 2331 haec
1058 2298 1230 2330 ornatus
1250 2304 1344 2344 pars
1364 2292 1442 2340 est)
1465 2288 1536 2329 sed
1558 2290 1658 2343 quia
1680 2290 1831 2332 vitium

442 2356 508 2389 est
529 2349 686 2404 ubique
709 2348 822 2402 quod
851 2347 1029 2388 nimium
1052 2354 1137 2387 est:
1171 2347 1316 2400 itaque
1344 2345 1437 2385 vult
1469 2360 1560 2385 esse
1594 2348 1829 2387 auctorita-

442 2417 529 2447 tem
551 2414 595 2447 et
611 2405 780 2461 pondus
802 2406 845 2446 iu
869 2404 1029 2446 verbis:
1063 2403 1295 2444 sententias
1319 2402 1383 2443 vel
1415 2417 1583 2459 graves,
1616 2403 1684 2445 vel
1706 2411 1827 2460 aptas

489 2547 540 2585 (1)
567 2545 658 2574 Hanc
676 2543 851 2574 lectionem
869 2552 909 2572 ex
926 2541 1040 2572 codice
1058 2540 1262 2571 Dor-villiano
1279 2540 1486 2580 potissimum
1504 2540 1748 2580 desumsimus5
1775 2543 1832 2574 sed

447 2593 499 2620 vix
515 2590 700 2628 quidquam
718 2588 930 2623 mutavimus,
955 2586 1015 2616 nisi
1042 2586 1324 2623 corruptissimam
1352 2585 1571 2624 distinguendi
1598 2586 1770 2623 rationem,
1796 2591 1834 2618 ut

449 2642 536 2671 saepf:
555 2632 649 2662 alias.
699 2630 734 2662 O.

491 2678 542 2715 (¹2)
571 2677 603 2706 Id
631 2679 692 2711 est,
717 2674 912 2714 praemunire
937 2672 1151 2711 hyperbolen,
1175 2672 1274 2710 eique
1292 2671 1420 2700 veniam
1447 2670 1616 2708 deprecari
1634 2672 1727 2704 velut
1751 2683 1834 2714 prae-

448 2721 529 2750 γρηὶ(
542 2720 607 2753 ndo
624 2719 874 2758 castigationem
889 2723 923 2747 et
941 2718 1231 2755 reprehensionem.
1282 2716 1328 2745 Ex
1342 2715 1437 2744 Arist.
1457 2716 1551 2744 Rhet.
1577 2715 1633 2746 lib.
1650 2718 1679 2748 3.

493 2766 543 2803 (3)
572 2763 675 2797 Virtus
692 2768 745 2801 est,
772 2762 1009 2801 vitiumsugere‚
1038 2761 1100 2790 &cn
1128 2761 1208 2790 Hor.
1223 2759 1325 2798 Epist.
1344 2759 1367 2790 1.
1395 2761 1424 2795 1,
1448 2760 1498 2789 41.
1527 2758 1562 2790 O.
