2015 3341
608 147 672 184 ΒΕ
705 150 1040 183 szffiscnxcns.
1446 141 1522 183 1‘27

116 243 241 287 *quas
261 240 385 277 extra
406 233 581 278 dicendi
613 236 826 278 rationem
852 236 1071 290 acciperet
1105 243 1264 285 orator,
1296 233 1398 275 alias
1420 247 1524 288 quas

135 303 191 329 ex
213 305 340 332 causa
367 293 557 335 traheret
588 292 695 348 ipse,
727 302 771 334 et
798 290 1123 348 quodammodo
1145 293 1368 347 gigneret:
1400 291 1525 330 ideo-

136 360 220 400 que
244 346 336 389 illas
358 353 535 402 ἀτέχνους,
569 349 612 390 id
644 356 726 402 est,
748 347 1058 404 inctrtfficz'al63‚
1083 347 1158 388 has
1176 354 1354 399 ἐντέχνως,
1378 346 1419 387 id
1444 354 1529 397 est,

101 450 104 452 v
135 404 400 456 artificiales,
432 415 710 447 vocaverunt.
771 406 838 447 Ex
860 406 937 446 illo
961 405 1103 460 priore
1125 416 1284 460 genere
1305 411 1527 456 suntprae-

122 459 315 514 judicia,
349 475 546 514 rumores,
578 467 803 513 tormenta,
833 461 1008 510 tabulae,
1024 458 1344 517 jusjurandum,
1377 467 1524 502 testes:

138 516 181 555 in
204 512 360 571 quibus'
379 532 473 574 pars
490 520 681 561 maxima
697 518 1028 561 contentionum
1047 517 1279 559 forensium
1303 518 1525 569 consistit3

138 572 230 622 sed,
262 584 312 616 ut
341 576 434 630 ipsa
467 588 542 630 per
574 590 619 616 se
651 583 800 617 carent
827 582 933 624 arte,
963 574 1024 614 ita
1054 574 1231 616 summis
1263 573 1524 628 eloquentiae

137 629 300 672 viribus
317 639 362 672 et
377 631 605 672 allevanda
622 639 721 672 sunt
737 631 1003 687 plerumque,
1025 638 1070 671 et
1086 629 1336 672 refellenda.
1381 632 1527 676 Quare.

136 685 246 727 mihi
265 687 466 729 videntur
497 701 760 743 magnopere
793 687 1044 737 damnandi,
1073 688 1145 742 qui
1182 694 1320 726 totum
1344 686 1428 728 hoc
1449 702 1505 742 ge

137 754 218 783 nus
249 758 275 783 a
306 745 536 800 praeceptis
565 752 855 785 removerunt.
917 743 1012 784 Nec
1046 751 1188 784 tamen
1213 743 1255 784 in
1278 743 1423 783 animo
1445 751 1528 794 est,

137 800 285 839 omnia
304 815 401 854 quae
420 808 496 841 aut
516 814 593 856 pro
615 800 698 851 his,
729 808 805 841 aut
825 807 976 841 contra
993 799 1077 840 dici
1097 799 1254 848 solent,
1272 800 1523 854 complecti.

140 854 241 895 Non
264 857 378 897 enim
403 871 631 898 communes
652 857 761 899 locos
784 856 952 897 tradere
973 855 1255 904 destinamus,
1276 857 1389 909 quod
1415 864 1529 897 esset

138 911 279 965 operis
298 912 472 963 infiniti,
504 913 578 955 sed
604 914 714 955 viam
737 913 954 969 quandam
975 922 1104 968 atque
1128 913 1355 953 rationem.
1419 914 1529 959 Qui-

139 966 217 1008 bus
239 968 561 1019 doinonstratis,
594 985 680 1011 non
714 971 848 1011 modo
876 971 919 1010 in
953 969 1210 1024 exequendo
1232 984 1326 1010 suas
1347 970 1530 1026 quisque

140 1024 250 1065 vires
286 1026 418 1067 debet
448 1027 672 1077 adhibere,
703 1028 777 1068 sed
809 1027 941 1068 etiam
977 1025 1240 1067 inveniendo
1274 1026 1448 1076 similia,
1481 1037 1531 1070 ut

138 1094 323 1137 quaeque
345 1084 539 1126 conditio
562 1084 703 1126 litium
721 1092 886 1141 poscet.
947 1081 1102 1138 Neque
1119 1084 1233 1124 enim
1256 1083 1309 1123 de
1327 1085 1530 1125 omnibus

139 1140 278 1180 causis
307 1140 452 1182 dicere
483 1141 710 1197 quisquam
739 1148 899 1198 potest,
930 1139 1084 1181 saltem
1118 1140 1363 1196 praeteritis)
1396 1150 1444 1182 ut
1465 1150 1531 1184 ta-

140 1209 264 1236 ceam
286 1196 339 1237 de
363 1196 537 1240 futuris.

197 1252 259 1294 11.
290 1253 780 1312 JAMp12aejudiciorzcm
800 1255 864 1297 vis
886 1254 1025 1296 omnis
1056 1254 1192 1296 tribus
1226 1253 1269 1295 in
1299 1254 1531 1309 generibus

140 1317 334 1351 versatur
391 1312 525 1362 rebus,
555 1327 652 1367 quae
685 1312 917 1367 aliquando
949 1326 1005 1353 ex
1046 1313 1219 1367 paribus
1255 1311 1392 1352 causis
1432 1322 1534 1353 sunt

133 1366 363 1423 judieatae,
393 1368 700 1425 quaeexempla
733 1370 889 1412 rectius
920 1367 1145 1420 dicuntur3
1180 1375 1227 1409 ut
1258 1367 1312 1408 de
1344 1369 1531 1410 rescissis

142 1431 312 1479 patrum
336 1426 618 1477 testamentis,
641 1424 707 1467 vel
727 1434 878 1468 contra
893 1424 1004 1467 filios
1020 1424 1284 1467 confirmatis
1302 1440 1310 1466 ι
1328 1425 1530 1481 judiciis,

142 1480 195 1521 ad
212 1481 348 1537 ipsam
362 1497 534 1524 causam
548 1483 878 1538 pertinentibus,
903 1482 1015 1524 unde
1031 1482 1160 1523 etiam
1175 1496 1333 1523 nomen
1349 1482 1531 1534 ductum

142 1546 235 1589 est3
266 1539 411 1594 qualia
444 1540 490 1581 in
525 1539 813 1596 Oppianicum
847 1540 961 1581 faeta
995 1539 1214 1589 dicuntur,
1246 1546 1290 1579 et
1322 1554 1347 1579 a
1379 1548 1532 1582 senatu

142 1593 337 1636 adversus
351 1595 557 1638 fllilonem
571 1613 583 1637 .-
607 1607 696 1647 aut,
719 1611 817 1637 cum
836 1597 888 1638 de
903 1596 1043 1637 eadem
1058 1610 1181 1637 cansa
1206 1597 1531 1651 pronuntiatum

142 1661 230 1703 θεῖς
263 1660 311 1693 ut
331 1653 375 1694 ite
398 1653 477 1695 reis
498 1657 563 1705 (1)
586 1653 835 1709 deportati8‚
864 1663 909 1695 et
930 1658 994 1705 (Ω.)
1018 1652 1241 1694 assertione
1261 1652 1456 1702 secunda,
1487 1662 1533 1694 et

137 1708 338 1763 partibus
359 1713 420 1763 (3)
447 1709 829 1760 centumviralium,
862 1725 959 1767 quae
992 1711 1036 1751 in
1070 1709 1176 1750 duas
1204 1710 1347 1750 hastas
1379 1709 1532 1752 divisae

143 1774 259 1807 sunt.

202 1822 525 1865 Confirmantur
545 1823 763 1881 praecipue
784 1823 976 1875 duobus;
1008 1823 1265 1866 auctoritate
1287 1836 1437 1865 eorum
1458 1822 1534 1879 qui

142 1881 547 1935 pronuntiaverunt,
579 1891 623 1923 et
653 1881 935 1923 similitudine
963 1895 1102 1922 rerum
1126 1880 1180 1921 de
1202 1881 1358 1936 quibus
1378 1881 1535 1934 quaeri-

145 1944 236 1979 tur:
258 1937 524 1979 ⁴refelluntur
555 1947 701 1980 autem
734 1953 829 1980 raro
861 1953 937 1994 per
972 1937 1285 1980 contumeliam
1312 1937 1535 1993 judicum,

143 1995 225 2035 nisi
247 1995 358 2036 forte
379 1995 608 2037 manifesta
638 1996 682 2037 in
713 1995 780 2037 his
811 1996 941 2051 culpa
962 1996 1066 2045 erit;
1101 1995 1192 2036 vult
1211 1995 1328 2036 enim
1349 2009 1534 2050 cognos-

141 2052 334 2094 centium
356 2053 536 2108 quisque
559 2053 725 2094 firmam
745 2067 836 2094 esse
864 2053 1036 2094 alterius
1058 2052 1334 2102 sententiam,
1365 2059 1410 2093 et
1442 2052 1535 2107 ipse

135 2110 497 2165 „pronuntiaturus
512 2124 596 2152 non
613 2109 797 2151 libenter
809 2109 1077 2165 exemplum,
1091 2109 1209 2165 quod
1233 2109 1277 2149 in
1291 2124 1335 2150 se
1353 2109 1534 2150 fortasse

144 2166 326 2218 recidat,
356 2166 477 2209 facit.
537 2166 892 2224 Confugiendum
913 2182 1017 2222 ergo
1035 2167 1159 2207 estin
1182 2166 1351 2208 duobus
1367 2166 1533 2221 superi-

145 2224 306 2273 oribus,
337 2223 371 2264 si
400 2238 466 2265 res
488 2223 612 2276 feret,
644 2224 698 2265 ad
720 2223 907 2279 aliquam
940 2223 1339 2264 dissimilitudinem
1362 2237 1531 2265 causae:

146 2282 219 2322 vix
242 2289 387 2323 autem
408 2279 496 2322 ulla
524 2290 589 2324 est
619 2296 696 2338 per
728 2282 876 2323 omnia
907 2280 1030 2322 alteri
1064 2280 1229 2322 similis.
1290 2280 1334 2321 Si
1367 2279 1412 2321 id
1444 2293 1534 2322 non

190 2415 242 2456 (1)
267 2417 438 2457 Relegatio
454 2422 616 2456 est,*eum
634 2422 724 2449 certo
740 2418 823 2449 loco-
836 2416 1046 2448 interdicitur
1068 2414 1242 2456 deportatio,
1265 2424 1342 2446 cum
1364 2414 1484 2454 aliquis
1502 2412 1545 2447 In’

145 2465 275 2491 certum
289 2462 400 2492 locum
415 2463 594 2502 relegatur.
640 2463 751 2499 Porro,
775 2467 813 2492 ut
839 2466 984 2492 testatur
1009 2461 1177 2500 Ulpianus
1202 2460 1242 2489 de
1260 2469 1361 2489 causa
1377 2459 1535 2499 deportan-

146 2503 249 2533 dorum
261 2504 381 2535 iterum
397 2507 487 2545 apud
497 2506 647 2546 judicem
666 2510 777 2546 potest
799 2507 872 2545 agi;
898 2515 951 2542 ae,
975 2506 1000 2536 si
1023 2505 1249 2540 restituantur,
1274 2503 1447 2542 pristinum
1464 2503 1535 2533 adi·

146 2547 321 2587 piscuntur
337 2550 464 2580 honoris
479 2550 631 2588 gradum.
680 2549 774 2580 Turn.

194 2590 246 2629 (2)
272 2591 412 2630 Assertio,
423 2593 588 2632 judiciuin
605 2597 654 2624 est
666 2593 707 2623 de
719 2594 859 2634 alicujus
871 2593 1024 2624 libertate
1036 2593 1262 2626 constitutum,
1276 2590 1536 2629 appellaturque

148 2644 236 2665 caasa
254 2634 392 2666 liberalis.
438 2637 469 2666 Si
489 2636 589 2675 igitur
613 2638 654 2667 de
680 2637 807 2671 liberali
831 2647 930 2667 causa
951 2637 1022 2675 jam
1049 2636 1299 2675 pronuntiatum
1317 2634 1368 2670 sit,
1394 2638 1429 2663 et
1443 2634 1536 2664 faeta

146 2679 391 2717 provocatione,
415 2684 474 2710 aut
485 2681 551 2710 alia
562 2680 715 2720 judicum
730 2681 973 2717 subsortitione,
997 2681 1118 2711 iteruin
1134 2680 1175 2709 de
1197 2687 1298 2708 causa
1319 2677 1536 2716 disceptetur,

150 2723 243 2753 locus
260 2723 323 2753 erit
339 2723 537 2762 prmjudieio.
589 2724 680 2754 Turn.
1143 2721 1146 2723 Α

196 2766 248 2804 (S)
270 2766 471 2797 centumviri
492 2768 588 2799 hasta
603 2768 637 2799 in
657 2768 729 2801 foro
746 2768 854 2810 posim
870 2767 910 2800 :ie
927 2767 1034 2801 causis
1048 2766 1298 2806 cognoscebant,
1311 2761 1535 2803 erantquein

151 2809 234 2839 duas
248 2815 358 2849 partes
374 2810 479 2843 divisi.
683 2812 685 2814 ’
