2015 3341
484 73 546 103 m:
579 73 819 103 aut-‚mmo
855 73 1252 114 ΜῑΝυΕΝυορυΕ.
1490 70 1577 115 219

187 173 265 202 nos
283 160 482 203 consules
500 161 761 218 perferemus
774 161 918 204 ?—hic
935 169 980 203 et
993 161 1181 203 Catilina
1195 161 1414 214 Graccho,
1430 171 1474 206 et
1490 174 1576 206 sta-

188 227 256 258 tus
272 219 519 274 reipublicae.
535 220 626 259 orbi
644 228 863 268 terrarum,
875 227 918 259 et
933 219 1161 260 mediocris
1178 219 1454 263 labefactatio
1465 222 1576 263 caedi

187 281 233 314 et
255 276 463 316 incendiis
487 283 532 316 et
560 277 805 325 vastationi,
820 286 863 316 et
881 276 1069 331 privatus
1086 276 1335 318 consulibus
1353 292 1577 335 compara-

187 341 279 382 tur3
312 348 408 387 quae
439 333 471 373 si
505 332 601 391 quis
631 332 814 374 dilatare
836 334 952 382 velit,
976 333 1128 388 plenos
1156 333 1328 391 singula
1348 333 1467 376 locos
1499 335 1576 377 ha-

186 387 308 430 bent.

245 445 364 490 Quas
407 445 498 486 dixi
545 459 620 501 per
655 445 1030 486 ratiocinationem
1069 445 1160 487 fieri
1196 446 1574 507 amplificationes,

189 500 426 552 videmnus,
447 518 498 543 an
522 503 622 542 satis
645 502 818 558 proprio
841 503 971 542 verbo
991 503 1346 559 significaverim:
1380 519 1460 546 nec
1481 520 1575 546 suin

187 558 230 598 in
251 558 333 599 hoc
350 559 561 608 solicitus,
578 558 678 599 dum
700 572 764 599 res
783 559 874 614 ipsa
891 560 1135 599 volentibus
1159 560 1324 602 discere
1345 572 1575 617 appaream

186 613 271 655 hoc
294 629 385 655 sum
406 623 549 656 tamen
573 622 761 664 secutus,
784 614 899 668 quod
925 615 1012 655 lia-c
1031 615 1314 670 amplificatio
1333 618 1435 659 alibi
1460 619 1576 673 posi-

187 680 231 711 ta
248 678 327 721 est,
346 672 448 713 alibi
466 671 602 711 valet:
635 681 693 720 et,
712 680 760 711 ut
775 671 892 711 aliud
911 678 1093 720 crescat,
1111 671 1224 712 aliud
1245 685 1449 729 augetur-3
1474 675 1576 716 inde

185 727 240 767 ad
265 728 326 776 id,
360 727 473 783 quod
495 726 645 768 extolli
669 727 883 776 volumus,
917 728 1083 768 ratione
1113 727 1300 770 ducitur.
1362 731 1578 786 Objectu-

184 797 257 824 rus
278 785 468 825 Antonio
491 784 645 825 Cicero
671 797 835 824 merum
857 793 902 823 et
923 784 1290 835 vomitum,-—Tu,
1307 787 1463 842 inquit,
1487 789 1577 829 isti·

186 839 400 890 faucibus,
423 841 513 882 istis
537 840 758 889 lateribus,
776 841 857 880 ista
871 839 1128 895 gladiatoria
1145 842 1274 882 totius
1297 845 1488 898 corporis
1504 845 1577 885 fir-

184 897 498 953 mitate-quid
521 896 666 938 fauces
683 906 727 938 et
744 897 878 937 latera
893 897 947 937 ad
969 898 1251 940 ebrietatem?
1282 900 1460 941 minime
1477 908 1578 942 sunt

185 954 346 995 otiosa:
365 969 477 1004 nam,
491 954 768 1009 respicientes
779 953 831 994 ad
846 953 956 1003 baec,
969 968 1195 1009 possumus
1207 956 1579 1013 aestirnare,quan-

185 1019 277 1051 tum
297 1011 368 1052 ille
385 1012 471 1052 vini
487 1012 529 1052 in
548 1010 725 1066 Hippiae
742 1011 904 1066 nuptiis
915 1011 1178 1061 exhauserit,
1191 1012 1307 1066 quod
1326 1013 1434 1056 ferre
1448 1022 1492 1055 et
1505 1030 1580 1057 co·

185 1081 315 1121 quere
336 1082 419 1108 non
441 1079 583 1123 posset
601 1068 672 1108 illa
688 1067 946 1122 gladiatoria
963 1068 1156 1124 corporis
1172 1068 1391 1111 firmitate.
1440 1071 1576 1128 Ergo,

186 1124 219 1164 si
238 1138 292 1165 ex
311 1125 397 1166 alio
414 1125 638 1180 colligitur
653 1124 789 1174 aliud,
813 1139 894 1165 nec
916 1125 1196 1181 improprium
1221 1141 1301 1167 nec
1326 1129 1578 1171 inusitatum

186 1194 345 1222 nomen
368 1193 430 1222 est
454 1185 516 1234 (l)
541 1182 899 1222 ratiocinationis.
936 1213 946 1223 .
1007 1181 1079 1223 Sic
1100 1190 1145 1223 et
1165 1197 1220 1224 ex
1251 1184 1578 1240 insequentibus

186 1239 470 1294 amplificatio
500 1239 694 1279 ducitur:
727 1238 938 1294 siquidem
971 1246 1089 1279 tanta
1121 1240 1182 1280 vis
1212 1239 1293 1282 fuit
1321 1243 1407 1282 vini
1437 1257 1578 1284 erun]-

187 1296 346 1350 pentis,
369 1304 416 1336 ut
438 1310 522 1336 non
546 1310 691 1336 casum
710 1295 881 1336 afferret
899 1306 971 1336 aut
989 1295 1272 1347 voluntatem,
1295 1298 1369 1339 sed
1394 1301 1579 1341 necessi-

187 1359 337 1401 tatem,
357 1353 427 1392 ubi
445 1352 621 1393 minime
640 1352 828 1400 deceret,
846 1352 1073 1403 vomendi3
1105 1364 1150 1394 et
1165 1354 1286 1394 cibus
1304 1369 1391 1395 non
1412 1370 1577 1407 recem,

188 1420 236 1449 ut
269 1409 466 1450 accidere
499 1409 671 1449 interim
704 1409 828 1458 solet,
861 1409 1128 1459 redderetur,
1165 1410 1238 1451 sed
1274 1412 1346 1466 qui
1376 1427 1509 1467 usque
1531 1415 1576 1455 in

187 1474 407 1520 posterum
432 1465 546 1507 diem
566 1466 841 1507 redundaret.
902 1464 1022 1507 Idem
1049 1466 1130 1507 hoc
1153 1475 1361 1522 praestant
1381 1484 1478 1525 quae
1500 1485 1576 1512 an·

187 1531 475 1567 tecesserunt:
509 1537 608 1564 narn
631 1538 728 1564 cum
751 1521 921 1573 lisoius,
943 1538 968 1563 a
986 1522 1161 1567 Junone
1183 1534 1377 1581 rogatuS‚

354 1631 577 1673 ——Cavnm
601 1646 795 1673 conversa
819 1631 984 1688 cuspide
1004 1639 1188 1675 montem

361 1688 543 1745 Impulit
564 1690 608 1730 in
626 1690 752 1739 latus,
786 1703 835 1729 ac
857 1690 970 1730 venti
992 1689 1107 1732 velut
1129 1690 1432 1749 agminefacto

364 1746 461 1794 Qua
485 1746 587 1787 data
603 1753 738 1804 porta·
763 1753 968 1798 ruunt,—

187 1863 381 1912 apparet,
398 1862 561 1911 quanta
574 1856 628 1898 sit
643 1855 684 1896 fu
694 1863 785 1896 tura
801 1861 1047 1910 tempestas.
1093 1854 1241 1901 Quid?
1264 1870 1360 1897 cum
1380 1871 1445 1897 rcs
1463 1866 1580 1900 atro-

188 1914 394 1963 cissimis,
421 1928 612 1968 quasque
646 1914 687 1954 in
723 1927 932 1953 summam
969 1911 1048 1967 ipsi
1081 1912 1318 1953 extulimus
1352 1914 1577 1969 invidiam,

187 1969 404 2011 elevamus
425 1970 642 2020 consulto,
673 1984 759 2024 quo
792 1969 991 2025 graviora
1014 1969 1242 2010 videantur
1258 1984 1354 2024 quae
1379 1980 1579 2016 secutura

188 2036 302 2077 sunt,
328 2035 375 2068 ut
397 2044 421 2069 a
443 2027 655 2068 Cicerone
678 2027 840 2067 factum
865 2035 945 2075 est,
981 2040 1079 2066 cum
1106 2026 1181 2067 illa
1202 2026 1579 2077 diceret,—-Levia

188 2093 287 2124 sunt
308 2084 403 2125 haec
420 2085 462 2124 in
487 2084 569 2125 hoc
590 2099 686 2126 reo:
721 2091 881 2125 metum
906 2084 1121 2138 virgarum
1140 2083 1378 2124 navarchus
1398 2087 1578 2129 nobilis-

188 2141 306 2182 simae
322 2141 509 2183 civitatis
525 2142 666 2198 pretio
686 2141 867 2182 redemit
884 2155 894 2188 ;
927 2139 1161 2181 humanum
1179 2149 1268 2182 est:
1300 2141 1425 2192 alius,
1442 2158 1497 2184 ne
1513 2160 1579 2186 se-

188 2198 280 2238 curi
328 2199 540 2248 feriretur,
584 2198 809 2253 pecuniam
852 2197 999 2239 dedit:
1048 2198 1251 2238 usitatum
1285 2207 1577 2244 estz-—nonne

189 2269 288 2295 usus
310 2266 373 2296 est
397 2256 744 2305 ratiocinatione,
776 2269 861 2309 qua
881 2253 1142 2309 colligerent
1165 2254 1405 2306 audientes,
1439 2272 1576 2312 quan-

190 2320 280 2351 tum
306 2312 409 2352 illud
433 2322 544 2353 esset
566 2313 680 2368 quod
706 2311 985 2361 inferebatur,
1013 2312 1082 2351 cui
1105 2319 1355 2366 comparata
1378 2313 1473 2354 haec
1497 2315 1577 2357 bu·

189 2381 319 2408 mana
340 2368 601 2419 viderentur,
634 2377 763 2425 atque
781 2369 962 2409 usitata?
993 2368 1065 2408 Sic
1082 2383 1255 2423 quoque
1284 2369 1394 2411 solet
1415 2385 1469 2412 ex
1492 2372 1576 2413 alio

191 2423 308 2466 aliud
331 2426 495 2482 augeri,
526 2434 573 2468 ut
595 2442 694 2468 cum
723 2425 951 2472 Annibalis
974 2424 1144 2467 bellicis
1172 2425 1375 2467 laudibus
1396 2428 1577 2484 amplia-

236 2550 287 2589 (1)
312 2550 349 2580 Id
365 2551 477 2580 Graece
491 2550 608 2581 melius
623 2551 745 2582 dicitur
759 2554 999 2594 συλλογισμος,
1022 2561 1089 2592 quo
1114 2552 1183 2599 sire
1208 2551 1241 2582 in
1255 2542 1439 2597 Ῥητοξὶκῃ,
1462 2553 1531 2584 sive
1548 2554 1580 2587 in

192 2601 410 2644 Διαλεκτικῇ,
434 2603 521 2634 aliud
539 2614 578 2634 ex
595 2604 661 2634 alio
677 2605 837 2645 colligitur,
861 2615 980 2644 nempe
996 2598 1249 2643 συλλογιζεται.
1294 2604 1471 2640 Caeterum,
1496 2613 1580 2642 pau-

190 2651 303 2686 pertas
321 2647 422 2677 Latini
442 2647 600 2678 sermonis
617 2649 667 2678 vel
685 2659 724 2678 ex
742 2651 804 2679 hoe
827 2650 900 2680 loco
916 2648 1109 2680 Quintiliani
1126 2652 1231 2687 patet.
1280 2646 1448 2683 Videamus,
1473 2658 1512 2678 an
1528 2658 1579 2677 sa·

194 2690 230 2719 tis
240 2690 355 2730 proprio
371 2691 456 2721 verbo
470 2690 707 2730 significaret-im,
733 2693 796 2722 8ιο.
843 2693 894 2722 Ita
910 2692 998 2724 enim
1024 2692 1086 2733 leg.
1114 2701 1155 2724 ex
1180 2691 1278 2724 Goth.
1301 2691 1389 2723 Jens.
1419 2691 1481 2722 &a
1526 2691 1578 2724 Al.

190 2733 366 2775 signaverim
374 2746 388 2773 ‚-
414 2743 453 2766 ex
470 2736 674 2777 compendio,
691 2740 729 2768 ut
745 2736 884 2770 videtum
931 2735 967 2770 O.
