2015 3341
403 137 459 187 83
837 145 937 187 ΠΒ.
971 156 1049 186 111.
1109 155 1220 185 eAr.
1250 154 1366 186 vni·

403 248 562 284 metus.
621 239 736 282 Nam
758 248 916 297 praeter
936 239 998 290 id,
1030 239 1149 295 quod
1170 239 1237 281 his
1257 239 1462 281 levissimi
1479 240 1686 297 cujusque
1706 232 1799 284 ani-

406 312 502 339 mus
533 297 739 338 facillime
771 305 969 346 terretur,
1000 297 1150 337 nescio
1172 311 1232 338 an
1247 297 1379 338 etiam
1400 297 1654 340 naturaliter
1683 295 1798 353 apud

405 353 616 410 plurimos
637 353 728 408 plus
744 352 886 393 valeat
900 352 1116 393 malorum
1138 354 1284 404 timor,
1305 368 1433 408 quam
1448 368 1543 409 spes
1561 355 1770 395 bonorum
1787 369 1798 396 :

405 409 520 451 sicut
551 409 723 451 facilior
753 409 919 452 eisdem
953 409 1157 466 turpium,
1188 424 1316 466 quam
1350 409 1646 461 honestorum,
1675 409 1801 451 intel-

409 465 548 508 lectus
569 476 649 507 est.
1080 477 1083 479 ’

466 521 718 578 Aliquando
739 522 866 566 bonis
887 537 1060 578 quoque
1078 521 1312 567 suadentur
1327 537 1478 578 parum
1500 522 1673 574 decora,
1691 523 1804 564 ⁴dam·

408 586 480 623 tur
501 594 652 636 parum
673 580 798 620 bonis
819 579 1018 630 consilia,
1041 581 1086 621 in
1105 580 1260 635 quibus
1277 580 1468 636 ipsorum
1486 580 1558 634 qui
1576 580 1806 621 consulunt

410 644 630 692 spectatur
664 636 842 679 utilitas.
905 636 1000 679 Nec
1028 650 1098 677 me
1131 635 1258 686 fallit,
1289 651 1386 692 quae
1417 638 1563 677 statim
1594 637 1806 692 cogitatio

411 693 558 736 subire
590 693 728 750 possit
758 692 1006 748 legentem3
1038 692 1137 734 Iioc
1169 707 1266 749 ergo
1286 692 1489 749 praecipis
1508 692 1530 733 5?
1561 699 1601 734 et
1632 694 1706 734 lzoc
1725 691 1808 749 fas

404 749 570 807 putas?
603 751 783 791 Poterat
806 765 874 790 me
906 749 1086 791 liberare
1108 748 1176 790 M.
1201 751 1372 797 Cicero,
1402 749 1476 805 qui
1499 749 1560 790 ita
1582 750 1733 791 scribit
1752 749 1808 791 ad

414 807 595 848 Brutum
613 823 622 848 ε
656 810 717 860 (1)
745 806 981 862 Propositz's
994 805 1211 862 plurimis,
1233 821 1322 862 quse
1342 806 1504 847 honeste
1531 807 1700 848 suaderi
1718 806 1809 848 Cae-

413 864 505 906 sarz'
517 871 702 919 possent,
731 864 858 905 simne
881 863 1009 904 bonus
1040 863 1123 913 vir,
1154 863 1190 904 si
1211 863 1295 905 haec
1312 863 1509 905 suadeam
1525 862 1548 905 52
1608 863 1809 905 Minime..

418 920 615 962 Suasoris
636 920 746 962 enim
767 920 955 975 estfinz's,
979 920 1147 961 utilitas
1168 921 1252 976 ejus
1275 921 1343 961 cui
1364 920 1531 976 quisque
1551 921 1712 962 suadet.
1744 920 1811 962 At

417 984 534 1019 recta
563 985 674 1020 sunt.
739 976 851 1023 Quis,
866 984 993 1033 negat
1009 976 1031 1018 ,9
1061 976 1132 1017 sed
1150 992 1234 1018 uon
1254 984 1312 1018 est
1328 991 1484 1033 semper
1505 978 1628 1019 rectis
1648 978 1694 1019 in
1713 992 1812 1019 sua-

418 1033 553 1077 dendo
572 1033 693 1076 locus.
756 1034 838 1074 Sed
873 1035 975 1089 quia
996 1041 1061 1074 est
1081 1033 1208 1077 altior
1227 1033 1429 1089 quaestio,
1462 1048 1543 1075 uec
1566 1042 1735 1076 tantum
1755 1033 1812 1076 ad

420 1092 630 1133 suasorias
663 1091 867 1147 pertinet,
914 1090 1153 1131 destinatus
1189 1100 1255 1131 est
1295 1090 1405 1131 mihi
1439 1089 1512 1131 hic
1551 1090 1672 1132 locus
1707 1092 1816 1132 duo-

422 1149 614 1197 decimo,
644 1149 718 1203 qui
751 1161 942 1189 summus
971 1146 1138 1187 futurus
1170 1156 1250 1197 est,
1282 1146 1405 1187 libro.
1466 1147 1561 1188 Nec
1583 1162 1667 1203 ego
1688 1149 1816 1204 quid-

421 1219 553 1260 quam
594 1204 685 1247 fieri
728 1204 910 1259 turpiter
951 1202 1109 1244 velim:
1142 1217 1291 1244 verum
1323 1203 1496 1244 interim
1534 1204 1629 1245 haec
1659 1205 1727 1245 vel
1759 1206 1816 1248 ad

422 1261 667 1302 scholarum
686 1260 1021 1302 exercitationes
1046 1260 1259 1315 pertinere
1273 1260 1530 1310 credantur3
1555 1275 1655 1302 nam
1672 1269 1717 1302 et
1734 1263 1818 1304 ini-

422 1333 607 1373 quorum
630 1318 741 1359 ratio
764 1315 984 1357 noscenda
1005 1327 1085 1366 est,
1117 1326 1164 1357 ut
1180 1316 1334 1363 melius
1356 1331 1480 1372 aequa
1501 1324 1717 1369 tueamur3
1751 1319 1818 1360 in-

424 1375 568 1423 terim,
601 1375 635 1417 si
669 1374 763 1429 quis
795 1373 912 1414 bono
943 1372 1174 1415 inhonesta
1193 1373 1408 1423 suadebit,
1437 1374 1699 1425 meminerit,
1730 1390 1819 1419 non

425 1431 606 1473 suadere
647 1440 853 1486 tanquam
894 1429 1151 1481 inhonesta;
1201 1440 1250 1472 ut
1288 1430 1464 1486 quidam
1505 1431 1820 1474 declamatores

427 1489 608 1530 Sextum
627 1487 886 1543 Pompeium
900 1486 955 1528 ad
973 1487 1215 1542 piraticam,
1231 1495 1407 1544 propter
1423 1486 1507 1529 hoc
1525 1488 1683 1544 ipsum,
1703 1489 1821 1545 quod

428 1546 566 1599 turpis
589 1560 640 1586 ac
663 1544 847 1586 crudelis
870 1544 940 1593 sit,
972 1544 1230 1600 impellunt3
1263 1544 1338 1588 sed
1361 1544 1528 1586 dandus
1561 1545 1647 1587 illis
1676 1546 1821 1588 defor-

429 1603 571 1644 mibus
595 1605 660 1654 (Q)
685 1601 813 1652 color,
843 1601 974 1656 idque
995 1603 1126 1643 etiarn
1150 1601 1262 1656 apud
1288 1601 1439 1642 malos.
1501 1601 1596 1644 Nec
1618 1603 1735 1651 enim
1757 1613 1823 1645 est

434 1660 660 1715 quisquam
695 1668 782 1699 tam
803 1658 957 1707 malm,
991 1666 1039 1698 ut
1060 1658 1197 1700 malus
1220 1658 1355 1701 videri
1373 1657 1493 1699 velit.
1542 1658 1614 1703 Sic
1632 1659 1826 1706 Catilina

433 1716 547 1772 apud
582 1715 832 1756 Sallustium
875 1715 1083 1770 loquitur,
1112 1724 1162 1756 ut
1199 1729 1287 1756 rem
1327 1714 1700 1758 sceleratissimam
1734 1732 1824 1760 non

431 1773 616 1821 malitia,
647 1772 720 1813 sed
758 1772 1061 1829 indignatione
1092 1772 1291 1814 videatur
1331 1772 1504 1815 audere.
1565 1773 1638 1816 Sic
1667 1774 1826 1817 Atreus

433 1829 551 1886 apud
572 1829 774 1871 Varium:

535 1936 751 1996 Jamfero
779 1937 955 1993 (inquit)
979 1936 1289 1995 infandissima,
1308 1937 1566 1996 jamfacere
1588 1954 1726 1998 cogor.

496 2044 675 2092 Quanto
698 2045 836 2099 magis
859 2044 936 2094 eis,
953 2045 1109 2100 quibus
1131 2059 1234 2086 cura
1250 2044 1375 2088 famae
1394 2046 1492 2096 fuit,
1511 2047 1831 2091 conservandus

439 2110 507 2143 est
528 2101 599 2142 hic
622 2101 689 2142 vel
713 2104 774 2154 (3)
801 2101 1018 2145 ambitus?
1050 2101 1195 2148 Quare
1215 2110 1261 2143 et
1288 2117 1387 2143 cum
1409 2104 1609 2146 Ciceroni
1632 2103 1830 2151 dabimus

440 2158 685 2208 consilium,
715 2166 763 2198 ut
784 2158 1022 2199 Antonium
1043 2167 1183 2214 roget,
1215 2158 1284 2200 vel
1306 2160 1436 2201 etiam
1464 2169 1513 2202 ut
1546 2161 1833 2218 Philippicas,

441 2216 505 2256 ita
539 2215 672 2256 vitam
710 2214 947 2270 pollicente
979 2229 1047 2264 eo,
1080 2224 1247 2266 exurat,
1282 2231 1370 2256 non
1402 2217 1689 2273 cupiditatem
1722 2218 1833 2266 lucis

442 2271 747 2328 allegabimus,
772 2271 887 2323 (liaec
909 2271 1023 2312 enim
1047 2272 1081 2313 si
1102 2271 1215 2313 valet
1236 2274 1279 2315 in
1302 2273 1447 2315 animo
1460 2275 1568 2330 ejus,
1589 2276 1833 2317 tacentibus

443 2343 616 2384 quoque
639 2328 762 2379 nobis
787 2328 918 2379 valet)
943 2328 1015 2369 sed
1039 2336 1087 2370 ut
1104 2343 1147 2369 se
1169 2329 1440 2385 Reipublicae
1463 2340 1619 2381 servet,
1642 2331 1836 2374 hortabi-

443 2400 555 2428 mur.
618 2385 715 2426 Hac
738 2384 802 2425 illi
823 2399 929 2440 opus
946 2392 1013 2425 est
1032 2386 1274 2436 occasione,
1297 2401 1351 2429 ne
1367 2401 1464 2428 eum
1482 2388 1634 2430 talium
1657 2403 1835 2444 precum

444 2442 624 2502 pudeat.
685 2441 743 2491 Et
763 2441 814 2484 C.
840 2441 1000 2485 Caesari
1033 2442 1262 2486 suadentes
1282 2457 1481 2501 regnum,
1511 2445 1834 2497 affirmabimus,

494 2551 547 2591 (1)
571 2552 643 2581 Non
658 2554 750 2580 extat
770 2551 903 2589 quidem
927 2551 959 2581 in
982 2551 1146 2582 Ciceronis
1162 2552 1316 2591 operibus
1333 2553 1404 2583 haec
1421 2553 1579 2593 epistola3
1591 2537 1703 2594 *cuju-‘s
1720 2554 1838 2595 utique

452 2593 678 2633 fragmentum
696 2594 777 2627 illud
793 2595 892 2626 Fabio
908 2595 1075 2633 debemus.
1103 2595 1137 2625 O.

494 2639 546 2677 (2)
573 2639 773 2669 Sententiam
790 2637 842 2667 vix
860 2639 1029 2669 honestam
1046 2639 1153 2671 verbis
1169 2638 1248 2669 fecit
1269 2640 1463 2679 speciosam.
1511 2640 1563 2671 Sic
1581 2639 1716 2677 deformi
1740 2638 1837 2671 vultu

448 2681 507 2724 qui
525 2686 611 2717 sunt,
627 2681 742 2711 fucato
757 2681 865 2712 colore
876 2681 992 2712 imbuti
1009 2682 1150 2720 speciem
1168 2683 1335 2722 quandam
1350 2684 1580 2723 pulcritudinis
1588 2694 1656 2724 prae
1670 2693 1704 2714 se
1716 2683 1840 2716 ferunt.
1856 2680 1859 2682 ’

451 2725 550 2757 Hunc
568 2725 677 2757 locum
695 2725 859 2764 respicere
876 2725 1007 2756 videtur
1020 2726 1191 2756 Jureualis
1208 2726 1273 2756 Sat.
1292 2728 1347 2758 VI.
1368 2730 1444 2758 279.

629 2771 650 2787 ‘⁵
674 2769 736 2798 Dic
751 2769 899 2807 aliquem
916 2769 1010 2799 sodes
1026 2769 1079 2799 hic
1095 2770 1317 2801 Quinctiliane
1332 2771 1489 2811 colorem,’‘
1511 2771 1553 2804 Ο.

495 2811 549 2854 (3)
573 2812 755 2845 Ambitiosa
771 2813 845 2846 boni
860 2812 1002 2846 nominis
1016 2813 1050 2845 in
1062 2813 1209 2854 speciem
1224 2813 1383 2857 captatiO.
