2015 3341
684 242 747 273 DE
781 242 1103 272 PARTITIONE.
1512 235 1590 271 1‘25

199 328 383 372 eandem
413 329 613 373 incidunt
634 331 960 383 obscuritatem,
992 338 1144 373 contra
1162 344 1290 387 quam
1312 329 1490 386 partitio
1526 331 1592 371 in-

197 397 328 428 venta
350 395 430 429 est.

256 443 409 485 Divisa
421 451 465 485 et
478 442 663 499 simplex
681 444 939 500 propositio,
951 448 968 496 <
979 447 1013 497 1)
1030 444 1200 500 quoties
1214 442 1379 485 utiliter
1393 442 1590 485 adhiberi

199 507 360 555 potest,
405 501 592 556 primum
620 501 752 542 debet
790 515 882 542 esse
918 511 1081 557 aperta,
1113 509 1243 556 atque
1279 500 1448 551 lucida;
1491 515 1594 542 nain

199 557 304 611 quid
327 558 382 597 sit
403 558 584 613 turpius,
616 572 746 612 quam
769 558 813 598 id
835 573 926 599 esse
949 559 1179 598 obscurum
1212 558 1369 613 ipsum,
1402 557 1523 612 quod
1549 558 1594 598 in

198 626 299 653 eum
327 613 464 655 solum
484 613 714 657 adhibetur
731 629 869 664 usum,
901 628 955 655 ne
972 615 1060 654 sint
1078 624 1235 654 caetera
1256 615 1437 654 obscura
1455 615 1467 654 ?
1499 624 1592 655 tum

132 667 144 679 “
201 669 358 720 brevis,
388 683 469 710 nec
501 669 593 710 ullo
622 684 887 725 supervacuo
919 681 1098 711 onerata
1126 672 1274 711 verbo.
1336 670 1439 711 Non
1473 671 1593 712 enim

200 725 255 766 de
272 741 358 781 quo
380 727 590 776 dicamus,
623 727 697 767 sed
721 725 776 766 de
797 742 882 782 quo
904 726 1060 767 dicturi
1080 727 1227 776 simus,
1249 726 1536 768 ostendimus.

259 782 562 824 obtinendum
582 782 730 832 etiam,
761 796 815 822 ne
836 783 940 837 quid
962 783 1004 823 in
1029 796 1079 822 ea
1101 782 1230 832 desit,
1248 797 1303 823 ne
1325 783 1426 837 quid
1447 797 1596 839 super-

200 838 272 880 sit.
315 839 520 894 Superest
539 846 683 879 autem
702 838 763 880 sic
782 839 894 889 fere3
918 854 1015 879 eum
1031 847 1106 879 aut
1128 839 1171 878 in
1196 839 1343 892 species
1365 840 1593 894 partimur,

199 893 316 949 quod
341 895 383 935 in
403 909 558 950 genera
581 895 730 951 partiri
753 895 809 935 sit
828 895 946 945 satis,
978 904 1052 936 aut
1069 909 1218 951 genere
1248 897 1390 950 posito
1413 896 1595 952 subjici·

200 958 271 992 tur
305 952 479 1007 specie83
510 959 575 1001 ut,
608 950 771 993 Dicam
802 951 851 993 de
883 952 1059 1002 virtute,
1076 948 1274 1008 justitia,
1306 952 1593 1004 continentia,-

199 1022 300 1049 cum
313 1008 486 1063 justitia
506 1016 638 1063 atque
656 1009 928 1049 continentia
943 1009 1114 1050 virtutis
1137 1009 1223 1050 sint
1243 1009 1424 1064 species.

258 1065 441 1106 Partitio
464 1066 603 1120 prima
622 1075 702 1116 est,
732 1065 836 1120 quid
859 1066 916 1107 sit
936 1065 989 1106 de
1018 1080 1104 1121 quo
1127 1066 1379 1115 conveniat,
1408 1064 1513 1121 quid
1537 1065 1592 1107 de

200 1136 287 1176 quo
310 1123 572 1178 ambigatur.
634 1122 685 1163 In
713 1137 766 1163 eo
794 1123 915 1178 quod
947 1123 1171 1173 convenit,
1201 1122 1306 1178 quid
1326 1123 1595 1165 adversarius

201 1179 405 1228 fateatur,
436 1179 540 1234 quid
562 1194 664 1221 nos:
697 1180 742 1220 in
772 1194 824 1220 eo
849 1179 902 1221 de
920 1193 1007 1235 quo
1029 1179 1282 1231 ambigitur,
1313 1194 1411 1234 quae
1433 1186 1594 1222 nostrae

200 1236 537 1291 propositiones,
568 1250 667 1291 quae
705 1237 839 1292 partis
877 1236 1087 1278 adversae.
1144 1224 1461 1292 Turpissimum
1492 1250 1595 1279 vero

201 1299 284 1344 est,
312 1307 400 1334 non
419 1307 471 1334 eo
494 1292 646 1334 ordine
667 1294 840 1349 exequi,
872 1308 958 1350 quo
981 1293 1172 1349 quidque
1195 1294 1487 1350 proposueris.

246 1427 297 1468 (1)
320 1428 457 1461 Quoties
472 1429 556 1459 utile
572 1433 623 1460 est
646 1429 902 1470 propositionem
918 1430 970 1461 vel
996 1430 1182 1470 simplicem
1209 1429 1342 1468 habere,
1366 1428 1419 1461 vel
1443 1429 1593 1469 divisam,

204 1481 279 1511 quae
297 1482 363 1502 uno
379 1473 508 1503 nomine
526 1478 664 1503 vocatur
676 1474 808 1513 partitio,
833 1485 934 1514 opera
950 1474 1058 1504 danda
1075 1478 1136 1511 est,
1161 1477 1200 1503 ut
1216 1475 1258 1504 sit
1272 1479 1384 1513 aperta,
1413 1474 1474 1504 &c.
1500 1476 1593 1506 Gesu.

206 1517 307 1546 Porro
331 1517 495 1546 Gesnerus
522 1526 582 1553 pro
605 1516 739 1548 adhiberi
754 1518 835 1557 legit
854 1518 974 1549 haberi.-
997 1518 1066 1554 sed,
1090 1527 1166 1548 cum
1183 1517 1224 1547 de
1241 1518 1419 1557 partitione
1433 1524 1596 1557 opportune

206 1559 337 1589 adhibita
355 1559 428 1598 jam
456 1569 488 1598 p.
510 1561 583 1596 124,
607 1560 628 1590 l.
651 1563 702 1592 23.
750 1561 848 1592 Fabio
874 1562 1066 1600 contigisset
1091 1561 1262 1597 disserere,
1286 1561 1367 1591 nihil
1397 1563 1596 1593 mutandum

206 1611 394 1640 statuimus.
442 1612 612 1643 Quantum
633 1613 819 1643 Aristotelis
845 1614 936 1652 operi
961 1606 1134 1656 τξιβιβλῳ,
1164 1620 1236 1655 περι
1254 1602 1456 1656 Ῥητοξικης,
1485 1616 1597 1646 rhetor

205 1655 326 1684 debeat
348 1656 525 1691 Romanus,
548 1655 705 1694 cuiquam
733 1656 873 1694 patebit,
898 1657 952 1696 qui
981 1658 1032 1687 vel
1065 1659 1152 1689 hunc
1184 1657 1306 1689 librum
1331 1662 1490 1699 quartum
1517 1667 1595 1689 cum

204 1698 298 1729 illius
313 1698 411 1729 tertio
427 1699 639 1740 compararit.
668 1699 739 1730 Vid.
757 1699 924 1740 praecipue
939 1709 1037 1741 capp.
1060 1702 1199 1734 13—17.
1226 1701 1263 1732 Ο.
