2015 3341
486 123 567 166 114
954 135 1051 167 Lm.
1083 137 1149 168 xv.
1209 136 1318 168 cAP.
1350 137 1408 167 11.

544 220 639 263 Nec
672 221 828 278 saepius
859 237 1031 265 narrare
1063 222 1263 265 duxerim
1295 222 1439 266 nefas:
1470 223 1585 280 quod
1617 225 1772 276 Cicero
1794 230 1873 281 pro

489 275 695 319 Cluentio
735 279 864 330 fecit3
895 287 1045 335 estque
1080 293 1168 321 non
1204 293 1456 321 concessum
1492 282 1641 332 modo,
1672 282 1747 323 sed
1789 282 1871 322 ali·

488 334 663 387 quando
699 337 829 376 etiam
862 335 1166 386 necessarium,
1197 344 1245 377 ut
1276 336 1321 377 in
1353 335 1494 378 causis
1524 339 1876 393 repetundarum,

489 391 776 447 omnibusque
793 407 889 447 quae
908 392 1127 448 simplices
1154 407 1240 433 non
1264 400 1378 434 sunt.
1438 391 1635 435 Amentis
1656 402 1721 436 est
1741 395 1875 443 enim,

488 449 793 501 superstitione
824 457 1141 505 praeceptorum
1174 456 1326 489 contra
1353 448 1562 490 rationem
1587 464 1728 492 causae
1750 451 1878 492 trabi.

489 501 795 545 Neri-ationem
813 505 911 546 ideo
934 514 1034 546 ante
1055 505 1332 561 probationes
1354 519 1515 561 ponere
1532 515 1597 547 est
1614 506 1876 557 institutum,

488 572 544 599 ne
564 560 721 615 judex,
752 576 836 616 qua
870 562 924 603 de
957 576 1001 603 re
1033 570 1260 617 quaeratur,
1291 562 1478 618 ignoret.
1539 562 1629 603 Cur
1661 563 1810 618 igitur,
1841 564 1876 604 si

490 616 662 672 singula
681 618 902 673 probanda
923 628 997 660 aut
1017 618 1255 660 refellenda
1276 627 1417 668 erunt,
1446 633 1533 659 non
1551 620 1724 675 singula
1744 619 1876 661 etiam

488 677 739 717 narrentur?
770 675 848 717 Me
871 683 1004 725 certe,
1036 683 1368 732 quantacunque
1391 676 1547 716 nostris
1568 675 1879 732 experimentis

487 729 691 773 habenda
712 739 778 773 est
806 733 926 783 fides,
958 732 1109 773 fecisse
1142 732 1227 774 hoc
1262 733 1305 773 in
1333 732 1445 782 foro,
1474 733 1645 788 quoties
1676 733 1769 788 ipsa
1801 731 1879 773 de-

490 787 707 830 siderabat
730 789 909 840 utilitas,
941 789 1224 845 probantibus
1245 799 1288 830 et
1307 789 1501 840 eruditis,
1531 798 1576 831 et
1597 789 1649 831 iis
1670 791 1740 845 qui
1756 789 1881 846 judi-

490 845 666 894 cabant,
685 847 796 887 seio:
829 858 872 888 et
896 846 1035 901 (quod
1060 861 1146 887 non
1168 855 1419 902 arroganter
1440 845 1641 897 dixerim,
1662 846 1763 901 quia
1779 852 1880 887 sunt

490 900 683 956 plurimi,
727 904 984 958 quibuscum
1024 904 1111 959 egi,
1154 903 1227 958 qui
1275 917 1345 944 me
1396 903 1593 944 refellere
1636 903 1804 959 possint
1844 901 1880 942 si

490 959 695 1010 mentiar)
718 959 805 1000 fere
830 960 1042 1015 ponendae
1075 976 1100 1001 a
1125 974 1191 1000 me
1223 975 1361 1001 causae
1391 959 1582 1000 officium
1604 960 1879 1015 exigebatur.

491 1014 646 1070 Neque
664 1016 763 1058 ideo
782 1025 924 1058 tamen
949 1031 1033 1058 non
1058 1016 1212 1071 saepius
1236 1017 1375 1058 facere
1398 1016 1634 1072 oportebit,
1665 1026 1714 1058 ut
1735 1029 1880 1059 rerum

491 1071 687 1113 ordinem
721 1088 958 1128 sequamur.
1020 1072 1233 1119 Quaedam
1263 1088 1364 1115 vero
1397 1075 1527 1114 etiam
1560 1073 1742 1131 turpiter
1773 1087 1880 1114 con-

489 1136 742 1171 vertuntur:
796 1138 859 1179 ut,
907 1130 941 1170 si
979 1130 1181 1185 peperisse
1222 1144 1381 1180 narres,
1426 1129 1586 1170 deinde
1627 1130 1878 1186 concepisse:

493 1192 685 1240 apertum
708 1193 1012 1235 testamentum,
1044 1186 1200 1226 deinde
1222 1186 1449 1242 signatum.
1511 1185 1562 1226 In
1584 1187 1739 1240 quibus
1768 1186 1802 1226 si
1836 1185 1882 1226 id

491 1243 606 1296 quod
633 1244 843 1297 posterius
866 1251 931 1283 est
951 1243 1129 1292 dixeris,
1160 1242 1213 1282 de
1237 1243 1378 1298 priore
1402 1252 1543 1284 tacere
1567 1242 1778 1298 optimum
1798 1249 1880 1284 est.

550 1298 660 1339 Sunt
687 1299 885 1353 quaedam
921 1307 966 1340 et
998 1298 1118 1340 falsae
1151 1300 1463 1354 expositiones,
1495 1312 1675 1354 quarum
1709 1299 1753 1339 in
1787 1297 1884 1340 foro

493 1352 657 1410 duplex
682 1365 745 1396 est
767 1371 923 1411 genus:
958 1355 1157 1405 alterum,
1174 1356 1291 1411 quod
1314 1355 1610 1397 instrumentis
1631 1355 1883 1411 adjuvatur3

493 1418 539 1451 ut
574 1411 752 1454 Publius
787 1412 968 1454 Clodius
996 1412 1157 1453 fiducia
1189 1413 1378 1462 testium,
1408 1428 1494 1468 qua
1511 1420 1640 1454 nocte
1669 1412 1884 1455 incestum

495 1467 651 1510 Romae
690 1470 981 1519 commiserat,
1016 1469 1275 1511 Interamnae
1305 1484 1349 1510 se
1383 1469 1513 1512 fuisse
1545 1469 1740 1511 dicebat:
1772 1469 1883 1511 alte-

491 1540 603 1576 rum,
634 1527 749 1582 quod
773 1535 838 1568 est
859 1526 1067 1568 tuendum
1092 1526 1277 1567 (licentis
1303 1527 1496 1582 ingenio.
1557 1526 1608 1568 Id
1631 1526 1804 1568 interim
1827 1526 1883 1568 ad

494 1582 633 1624 solam
674 1584 977 1625 verecundiam
1020 1584 1223 1639 pertinet,
1253 1584 1368 1624 unde
1404 1585 1535 1625 etiam
1569 1583 1687 1625 mihi
1714 1584 1886 1627 videtur

495 1639 581 1680 dici
610 1642 667 1694 (l)
695 1641 839 1690 color,-
872 1641 1044 1681 interim
1067 1640 1119 1681 ad
1144 1641 1445 1696 quaestionem.

552 1697 654 1747 Sed,
686 1707 1000 1753 utrumcunque
1022 1698 1117 1746 erit,
1151 1697 1288 1753 prima
1311 1697 1365 1738 sit
1384 1712 1599 1748 curarum,
1629 1704 1678 1738 ut
1700 1695 1743 1738 id
1764 1696 1884 1753 quod

495 1751 700 1808 fingimus
736 1754 827 1795 fieri
861 1754 1015 1810 possit:
1048 1754 1222 1804 deinde,
1254 1762 1302 1794 ut
1336 1762 1381 1795 et
1414 1769 1609 1810 personae
1631 1762 1675 1795 et
1705 1753 1804 1794 loco
1841 1763 1885 1796 et

496 1811 682 1865 tempori
724 1821 950 1867 congruat,
994 1820 1037 1852 et
1069 1809 1322 1852 credibilem
1360 1812 1571 1853 rationem
1607 1820 1651 1852 et
1686 1811 1887 1852 ordinem

496 1865 678 1919 liabeat3
712 1868 743 1909 si
776 1868 1005 1923 continget
1032 1867 1179 1917 etiam,
1204 1866 1259 1908 *ut
1280 1882 1391 1910 verae
1413 1868 1541 1909 alicui
1569 1869 1629 1909 rei
1653 1867 1888 1919 cobaereat,

496 1931 572 1964 aut
611 1935 885 1981 argumentO,
915 1924 1032 1980 quod
1075 1925 1130 1966 sit
1166 1926 1209 1966 in
1240 1939 1384 1975 causa,
1415 1925 1710 1966 confirmetur.
1771 1925 1885 1968 Nam
1921 1975 1923 1977 ι

495 1995 595 2035 quae
618 1990 712 2023 tota
726 1991 850 2025 extra
866 1996 955 2024 rem
978 1981 1113 2039 petita
1132 1990 1248 2034 sunt,
1279 1982 1518 2024 mentiendi
1546 1981 1768 2023 licentiam
1784 1997 1887 2040 pro·

501 2037 627 2079 dunt.

557 2094 808 2137 Curandum
843 2094 1080 2152 praecipue,
1109 2095 1224 2152 quod
1257 2095 1522 2151 fingentibus
1549 2095 1797 2151 frequenter
1817 2110 1890 2138 ac-

499 2149 625 2202 cidit,
657 2167 711 2193 ne
743 2168 828 2210 qua
857 2153 971 2193 inter
999 2168 1043 2194 se
1074 2161 1291 2209 pugnent:
1324 2152 1522 2208 quaedam
1544 2153 1660 2195 enim
1694 2153 1888 2207 partibus

498 2208 797 2261 blandiuntur,
828 2209 903 2251 sed
925 2210 969 2251 in
987 2224 1199 2251 sumniam
1217 2225 1302 2251 non
1325 2210 1628 2251 consentiunt:
1662 2217 1889 2266 praeterca,

500 2279 556 2307 ne
592 2266 643 2307 iis
673 2281 770 2323 quae
803 2280 905 2308 vera
933 2281 1024 2308 esse
1057 2267 1276 2308 constabit
1309 2265 1488 2307 adversa
1515 2267 1625 2308 sint:
1660 2267 1702 2307 in
1736 2265 1889 2308 schola

502 2322 650 2373 etiam,
693 2338 747 2365 ne
785 2323 901 2365 color
941 2332 1066 2364 extra
1108 2323 1299 2364 themata
1337 2331 1569 2378 quaeratur.
1642 2323 1890 2379 Utrobique

499 2387 644 2420 autem
663 2388 807 2422 orator
823 2380 1069 2422 meminisse
1087 2379 1263 2422 debebit
1277 2380 1449 2421 actione
1464 2387 1556 2421 tota
1571 2380 1674 2435 quid
1697 2380 1889 2431 finxerit,

499 2437 706 2490 quoniam
739 2436 882 2478 solent
912 2437 1115 2479 excidere
1147 2452 1244 2493 quae
1278 2437 1386 2478 salsa
1417 2444 1536 2478 sunt:
1570 2451 1805 2492 verumque
1825 2446 1891 2479 est

500 2493 627 2546 illud,
658 2494 776 2551 quod
795 2493 926 2551 vulgo
948 2493 1122 2546 dicitur,
1155 2493 1404 2537 IlIendacem
1426 2508 1643 2537 memorem
1664 2507 1741 2535 esse
1759 2508 1886 2552 opor-

503 2557 604 2594 tere.
640 2585 650 2595 .

548 2715 599 2755 (1)
625 2715 711 2748 Quid
728 2713 788 2745 sibi
805 2712 886 2744 velit
900 2713 960 2743 iste
973 2713 1004 2743 in
1020 2711 1140 2743 scholis
1159 2706 1325 2741 rhetorum
1343 2708 1540 2740 decantatus
1557 2708 1643 2746 color,
1660 2705 1819 2748 vid-‘pag⁸
1834 2709 1889 2745 88,

502 2764 537 2789 et
555 2769 643 2798 smpe
659 2759 751 2790 alias.
797 2759 908 2788 Pauca
925 2758 979 2787 hic
995 2756 1075 2788 edit.
1100 2754 1292 2787 Rollinianae
1309 2753 1503 2794 adjecimus,
1527 2754 1646 2796 quibus
1660 2752 1786 2784 omissis
1802 2752 1890 2783 male

503 2804 712 2834 cohaerebant
724 2802 902 2833 sententiae.
929 2801 964 2833 0.
