2015 3341
458 120 517 165 32
933 121 1032 167 tin.
1065 132 1113 166 1:
1161 130 1265 165 CAP.
1298 129 1370 166 xt-

457 220 651 271 brachia,
683 224 737 263 ne
773 218 962 264 indoctae
999 222 1227 264 rusticaexe
1261 236 1429 271 manus,
1457 232 1512 263 ne
1546 230 1682 264 status
1713 215 1842 264 inde]

457 291 601 327 corus,
632 292 686 318 ne
719 279 870 333 quain
899 279 1167 344 protelendis
1203 278 1385 333 pedibus
1416 279 1602 329 inscitia,
1633 295 1687 321 ne
1709 288 1843 335 caput

458 334 662 389 oculique
685 337 739 375 ab
762 334 846 374 alia
875 335 1069 390 corp'o'ris'
1097 334 1379 389 inclinatione
1410 334 1664 377 dissideant.
1725 337 1840 376 Bam

457 403 538 430 nec
561 390 643 431 hoe
665 405 755 430 esse
778 392 820 430 in
840 406 878 445 ρι
870 399 959 430 ιιι-ιε
972 391 1195 454 'pronuntiz
1184 392 1340 431 1tionis
1363 387 1585 446 negaverit
1597 393 1841 446 quisquam,

456 459 539 486 nec
562 447 641 501 ips-2
628 461 696 486 am
715 447 1114 502 pronuntiationem
1132 448 1186 488 ab
1204 455 1373 488 oratore
1392 455 1598 488 secernet.
1651 448 1708 489 Et
1724 460 1841 489 certe

458 502 575 555 quod
611 503 752 544 ϊΓιςθιε
790 515 1006 559 θροιιῑριῑ,
1044 519 1131 544 non
1169 504 1396 558 indignum
1430 511 1498 544 est
1528 504 1709 554 discere,
1740 519 1842 545 cum

456 561 697 613 praesertim
721 560 816 601 liaec
839 564 904 611 (l)
927 561 1202 609 chirommzia,
1234 574 1331 615 quae
1353 567 1418 600 est
1438 564 1507 610 (ut
1539 561 1714 601 nomine
1748 561 1842 615 ipso

457 614 615 656 declar
607 621 719 668 situi)
743 616 814 657 lex
836 618 998 672 gestus,
1021 626 1065 658 et
1081 618 1134 658 ab
1153 617 1234 657 illis
1256 618 1523 681 temporibus
1544 616 1729 658 heroicis
1749 625 1844 658 orta

456 672 528 721 sit,
559 681 604 713 et
624 689 648 713 a
669 674 846 715 summis
869 674 1053 715 Graeciae
1088 675 1205 724 mis,
1237 681 1282 713 et
1314 674 1404 714 ab
1396 689 1489 729 ipso
1511 674 1642 715 etiam
1665 674 1842 715 Socrate

456 730 713 784 probata,a
736 730 919 771 Platone
941 745 1113 786 quoque
1147 731 1189 771 in
1219 737 1340 786 parte
1370 730 1564 771 civilium
1588 731 1729 786 posita
1755 731 1841 771 vir-

456 794 618 836 tutum,
650 793 694 827 et
715 802 740 827 a
760 787 1005 843 Chrysippo
1035 802 1076 828 1n
1102 787 1330 843 praeceptis
1351 787 1407 828 de
1428 787 1587 828 liberor
1592 802 1662 828 um
1683 787 1843 828 educa-

456 843 578 884 tione
598 844 851 900 compositis
879 859 963 885 non
997 845 1170 886 omissa.
1231 845 1273 885 N
1276 858 1346 885 am
1371 844 1722 885 Lacedaemonios
1744 844 1842 899 qui-

457 900 559 940 dem
598 901 728 942 etiam
770 900 1046 942 saltationem
1086 901 1321 956 quandam,
1375 910 1583 965 tanquam
1621 901 1674 942 ad
1726 901 1844 942 bella

456 971 630 1012 quoque
653 958 822 1005 utilem,
855 958 1055 999 habuisse
1079 959 1191 1000 inter
1220 958 1554 999 exercitationes
1581 959 1842 1013 accepimus.

457 1013 613 1070 Neque
635 1015 678 1055 id
703 1016 916 1056 veteribus
943 1015 1150 1056 Romanis
1173 1015 1374 1056 dedecori
1397 1015 1504 1055 fuit:
1537 1023 1841 1071 argumentum

457 1081 539 1119 est,
569 1071 842 1112 sacerdotum
875 1072 1051 1113 nomine
1070 1087 1120 1113 ae
1141 1073 1350 1127 religione
1372 1071 1529 1112 durans
1549 1073 1602 1112 ad
1625 1072 1709 1112 hoc
1732 1082 1841 1113 tem-

457 1142 537 1182 pus
560 1128 759 1179 saltati03
791 1136 836 1169 et
871 1129 914 1168 ill
922 1144 946 1168 a
979 1129 1023 1169 in
1059 1129 1187 1169 tertio
1217 1129 1443 1169 Ciceronis
1465 1129 1519 1169 de
1539 1137 1709 1170 matore
1730 1128 1842 1169 libro

456 1185 590 1225 vei-zbt
611 1185 771 1234 Crassi,
799 1186 955 1247 quibus
989 1186 1205 1249 plaecipit,
1234 1193 1284 1226 ut
1304 1193 1448 1227 orator
1478 1193 1626 1226 utatur
1661 1185 1844 1227 laterum

459 1245 524 1291 (Q)
547 1240 953 1297 inclimttionesbrti
974 1257 1023 1283 ac
1038 1242 1173 1291 witisi,
1196 1257 1279 1283 non
1294 1258 1319 1283 α
1340 1256 1476 1290 scena,
1498 1248 1538 1282 ct
1552 1240 1844 1293 histrionibus,-

456 1298 528 1338 secl
543 1298 596 1339 ab
615 1313 758 1348 armzs,
781 1305 857 1339 aut
871 1299 998 1339 etiam
1015 1314 1039 1339 α
1054 1298 1290 1354 palaestra:
1315 1299 1437 1354 cujus
1453 1299 1583 1339 etiam
1599 1299 1843 1355 disciplinae

459 1370 559 1395 usus
572 1356 611 1395 in
627 1364 813 1396 nostram
828 1370 960 1411 usque
970 1364 1142 1396 aetatem
1155 1357 1245 1396 sine
1258 1356 1592 1412 reprehensione
1605 1355 1844 1399 descendit.

456 1412 496 1453 A
523 1428 589 1452 mc
616 1421 756 1453 tamen
780 1427 860 1453 nec
884 1413 996 1453 ultra
1018 1412 1202 1468 pueriles
1223 1428 1357 1454 annos
1385 1413 1657 1462 retinebitur,
1688 1427 1769 1454 nec
1797 1413 1844 1454 in

457 1469 525 1510 his
550 1470 651 1525 ipsis
673 1468 772 1511 diu:
806 1484 946 1524 neque
968 1471 1085 1510 enim
1120 1478 1291 1525 gestum
1328 1469 1510 1510 oratoris
1546 1470 1751 1525 componi
1787 1469 1844 1511 ad

457 1526 787 1568 similitudinem
810 1526 1051 1567 saltationis
1072 1527 1190 1576 volo,
1212 1526 1286 1567 sed
1306 1528 1478 1568 subesse
1497 1526 1660 1582 aliquid
1683 1541 1737 1568 ex
1760 1526 1844 1568 hae

457 1585 771 1625 exercitatione
810 1585 980 1640 puerili,
1015 1583 1130 1625 unde
1162 1599 1240 1624 nos
1276 1599 1361 1624 non
1399 1583 1443 1624 id
1480 1592 1659 1639 agentes
1693 1583 1844 1626 furtim

458 1641 591 1681 decor
608 1641 680 1681 ille
702 1641 968 1682 discentibus
990 1640 1171 1682 traditus
1194 1647 1491 1696 prosequatur.

517 1698 603 1739 XL
627 1697 840 1744 QUAERI
863 1698 989 1747 solet,
1007 1713 1078 1747 an,
1099 1698 1232 1738 etiam
1252 1699 1284 1738 si
1303 1698 1509 1739 discenda
1530 1697 1617 1739 sint
1636 1696 1748 1749 haec,
1771 1711 1847 1740 eo-

458 1755 559 1796 dem
582 1763 777 1818 tempore
801 1762 941 1795 tamen
965 1755 1075 1795 tradi
1093 1755 1239 1795 omnia
1260 1762 1305 1795 et
1323 1755 1486 1819 percipi
1510 1755 1690 1810 possint.
1752 1755 1844 1796 Ne-

458 1820 566 1866 gant
586 1827 702 1852 enim
725 1812 928 1867 quidam3
952 1812 1052 1867 quia
1070 1811 1361 1852 confundatur
1383 1813 1549 1853 animus
1570 1826 1620 1852 ac
1638 1812 1848 1867 fatigetur

459 1877 527 1910 tot
548 1869 813 1924 disciplinis
807 1884 848 1908 m
866 1868 963 1909 div<
951 1883 1080 1909 rsum
1106 1868 1402 1918 tendentibus,
1425 1868 1477 1910 ad
1493 1883 1598 1923 quas
1615 1883 1694 1909 nec
1708 1883 1846 1920 mens,

458 1940 541 1966 nec
565 1941 735 1981 corpus,
753 1940 834 1966 nec
851 1925 972 1966 (lies
963 1940 1054 1981 ipse
1069 1926 1279 1975 sufficiat3
1311 1933 1371 1976 et,
1390 1926 1423 1966 si
1446 1926 1638 1966 maxime
1658 1927 1846 1981 patiatur

458 1982 555 2024 haec
579 1991 683 2024 aetas
715 1982 948 2033 iobustior,
979 1990 1124 2024 tamen
1156 1982 1341 2040 pueriles
1377 1997 1513 2024 annos
1549 1982 1717 2024 onerari
1754 1996 1844 2026 non·

459 2048 675 2096 oporteat.

516 2097 602 2137 Sed
627 2112 710 2137 non
733 2096 835 2138 satis
857 2095 1140 2153 perspiciunt,
1172 2105 1381 2151 quantum
1403 2104 1557 2137 natura
1577 2095 1788 2138 humani
1777 2112 1845 2139 in-

458 2155 576 2210 genii
600 2154 763 2195 xaleat:
797 2169 894 2210 quae
931 2154 991 2194 ita
1022 2162 1086 2194 est
1118 2153 1244 2209 agilis
1278 2162 1323 2195 et
1344 2153 1490 2203 velox,
1523 2154 1583 2194 sic
1604 2154 1649 2194 in
1668 2168 1844 2196 omnem

461 2219 642 2267 partem,
674 2219 723 2251 ut
759 2211 819 2251 ita
856 2210 1058 2261 dixerim,
1101 2218 1284 2266 spectat,
1322 2218 1372 2251 ut
1407 2225 1464 2251 ne
1496 2211 1633 2265 possit
1665 2211 1843 2266 quidem

459 2268 624 2324 aliquid
663 2282 790 2324 agere
826 2275 996 2308 tantum
1027 2283 1183 2319 unum3
1216 2268 1258 2309 in
1287 2267 1409 2323 plura
1427 2281 1546 2317 vero,
1577 2281 1664 2308 non
1687 2268 1845 2310 eodem

459 2326 532 2366 die
554 2325 701 2376 modo,
732 2324 807 2366 sed
836 2325 991 2365 eodem
1013 2325 1219 2380 temporis
1240 2333 1480 2374 momento,
1511 2324 1598 2364 vim
1620 2339 1740 2365 suam
1763 2325 1845 2367 ima

457 2382 638 2439 pendat.
697 2382 769 2423 An
792 2396 892 2423 vero
914 2381 1146 2423 citharoedi
1179 2395 1269 2421 non
1300 2381 1433 2422 simul
1460 2388 1506 2421 et
1532 2382 1769 2445 memoriae,
1799 2391 1845 2424 et

459 2454 567 2480 sono
603 2438 738 2487 iocis,
768 2446 830 2479 et
846 2438 1044 2494 plulibus
1077 2438 1262 2479 flexibus
1298 2438 1505 2488 serviunt,
1534 2452 1634 2479 cum
1669 2438 1844 2481 inteiim

459 2497 568 2537 alios
600 2510 754 2537 nervos
787 2496 913 2536 dextr
916 2511 938 2535 ιι
960 2496 1224 2551 percutiunt,
1255 2494 1363 2535 alios
1384 2495 1493 2536 laeva
1515 2495 1707 2546 trahunt,
1737 2511 1844 2537 con-

460 2554 617 2604 tinent,
648 2553 863 2610 probant?
911 2553 980 2594 Ne
1002 2567 1078 2609 pes
1109 2553 1286 2608 quidem
1308 2553 1488 2603 otiosus,
1516 2564 1680 2594 certam
1693 2527 1844 2610 legem

506 2656 558 2696 (1)
585 2655 639 2684 (Ἴτ’
630 2654 769 2685 νοηονηὶα
799 2648 1018 2699 (χειρονομῖα)
1047 2658 1159 2693 gestus
1187 2659 1238 2685 est
1263 2654 1449 2685 saltationis
1475 2653 1738 2693 gesticulatricis.
1785 2656 1846 2687 Est

460 2702 562 2732 etiam
590 2701 643 2730 lex
670 2711 725 2739 ges
712 2700 778 2730 tus
794 2705 828 2730 et
851 2701 968 2736 motus,
992 2710 1066 2740 qu‘e.
1081 2709 1199 2730 nomen
1218 2700 1355 2730 sortitur
1370 2711 1390 2730 a
1407 2710 1548 2731 manuum
1564 2699 1641 2741 Iege,
1664 2699 1846 2742 propterea
1896 2722 1901 2724 v

461 2754 503 2784 es·
489 2745 549 2774 ιοά
565 2744 633 2774 illic
650 2745 796 2774 maxima
813 2754 888 2783 pars
905 2754 960 2783 ges
964 2745 1014 2774 tus
1030 2748 1080 2773 est
1096 2754 1153 2782 pos
1159 2744 1214 2773 ita⁴
1266 2742 1358 2773 Turn.

508 2790 560 2827 (0)
584 2789 698 2820 cicero
713 2790 825 2828 habet,
850 2787 1022 2830 itfiexione.
1068 2789 1101 2818 3.
1127 2788 1167 2818 de
1184 2788 1276 2818 Orat.
1302 2789 1342 2818 22
1347 2789 1378 2820 Ο.
