2015 3341
464 95 554 133 334
923 103 1020 133 mu.
1053 104 1120 133 xi.
1182 103 1288 131 cai».
1324 102 1406 132 πη.

463 186 719 227 severiorem
739 186 868 242 paulo
886 186 1060 228 modum
1085 186 1357 228 excessimus.
1418 185 1731 241 Quisquamne,
1759 193 1849 222 non

466 242 566 282 dico
589 243 642 283 de
666 243 919 291 homicidio,
952 243 1196 300 sacrilegio,
1232 242 1475 299 parricidio,
1508 242 1579 282 sed
1600 242 1653 282 de
1672 239 1851 281 calculis

465 309 583 338 certe
606 310 735 354 atque
769 300 1024 349 rationibus,
1056 302 1280 356 qnisquam
1316 299 1502 354 denique
1537 303 1605 350 (ut
1636 296 1768 338 semel
1801 295 1850 335 fi-

467 355 602 406 niam)
627 356 666 395 in
702 357 773 396 lite
798 358 972 397 cantat?
1004 356 1133 402 Quod
1164 357 1195 397 si
1231 357 1409 397 omnino
1443 354 1736 410 recipiendum
1770 362 1851 400 est,

466 411 574 451 nihil
600 427 733 453 causac
753 419 819 452 est
840 427 915 453 cur
936 427 1022 453 non
1044 412 1158 453 illum
1190 413 1308 454 vocis
1331 412 1672 453 modulationem
1694 409 1852 450 fidibus

467 481 517 506 ac
541 468 673 518 tibiis,
705 470 792 508 imo
815 469 1077 520 mehercule,
1107 470 1220 525 quod
1245 476 1310 510 est
1339 469 1438 510 huic
1459 466 1726 509 deformitati
1752 479 1852 521 pro-

467 524 579 577 pius,
612 525 824 580 cymbalis
841 526 1109 581 adjuvemus.
1171 526 1369 567 Facimus
1393 533 1534 566 tamen
1553 522 1852 565 hoclibenter.

470 580 580 620 Nam
606 596 685 622 nec
707 583 911 638 cuiquam
944 592 1042 623 sunt
1064 582 1313 638 injucunda,
1343 597 1440 637 quae
1476 589 1625 622 cantat
1659 580 1776 635 ipse:
1809 586 1856 619 et

467 636 626 678 laboris
646 639 688 679 in
712 639 812 688 hoc,
835 654 964 694 qnam
983 641 1022 679 in
1049 640 1236 695 agendo,
1258 639 1395 679 minus
1417 646 1498 679 est..
1559 637 1617 678 Et
1638 643 1738 677 sunt
1757 635 1852 691 qui-

467 694 583 743 dam,
613 696 702 749 qui,
736 696 973 736 secundum
1007 695 1093 736 alia
1121 695 1222 736 vitae
1246 695 1366 745 vitia,
1398 695 1530 736 etiam
1561 694 1660 744 hac,
1692 692 1853 747 ubique

465 751 670 792 audiendi
694 753 808 807 quod
836 767 957 793 aures
978 753 1180 802 mulceat,
1214 752 1436 807 voluptate
1459 752 1687 792 ducantur.
1733 749 1854 795 Quid

466 810 595 862 ergo?
621 824 705 850 non
728 817 773 849 et
793 810 949 851 Cicero
968 809 1076 850 dicit
1095 824 1185 850 esse
1199 809 1386 864 aliquem
1408 809 1450 849 in
1466 809 1662 849 oratione
1676 813 1853 847 cantum

465 866 789 907 obscuriorem?
823 866 880 907 Et
901 865 984 907 hoc
1005 866 1194 921 quodam
1225 865 1405 906 naturali
1429 865 1551 907 initio
1574 864 1708 905 venit.
1770 863 1853 904 Os-

468 922 641 962 tendam
670 937 754 963 non
785 923 922 963 multo
946 930 1056 978 post,
1088 923 1179 973 ubi,
1211 930 1255 962 et
1275 930 1484 978 quatenus
1508 919 1778 977 recipiendus
1801 920 1856 960 sit

467 977 540 1018 hic
572 979 724 1029 flexus,
757 988 800 1020 et
822 989 973 1020 cantus
995 980 1188 1034 quidem,
1218 979 1290 1021 sed
1315 979 1449 1035 (quod
1472 979 1663 1036 plerique
1697 976 1857 1019 intelli-

469 1049 570 1090 gere
596 1035 765 1088 nolunt)
790 1037 1028 1077 obscurior.

524 1091 624 1133 Jam
647 1094 760 1133 enim
785 1102 952 1148 tempus
974 1100 1040 1133 est
1062 1092 1253 1143 dic-endi,
1282 1107 1377 1147 quae
1402 1092 1455 1132 sit
1472 1099 1574 1148 apta
1603 1090 1858 1147 pronuntia·

469 1149 556 1189 tio:
590 1164 687 1204 quae
711 1157 828 1189 certe
862 1164 912 1190 ea
947 1158 1028 1198 est,
1057 1164 1154 1203 quae
1192 1150 1256 1199 iis,
1292 1150 1346 1189 de
1373 1150 1528 1204 quibus
1552 1148 1752 1199 dicimus,
1783 1163 1857 1189 ac-

468 1206 791 1246 commodatur:
826 1206 942 1260 quod
979 1206 1156 1261 quidem
1188 1206 1377 1246 maxima
1410 1220 1462 1247 ex
1493 1214 1615 1261 parte
1650 1213 1858 1261 praestant

468 1263 547 1317 ipsi
573 1274 715 1304 motus
733 1263 992 1312 animorum,
1015 1270 1224 1318 sonatque
1246 1278 1330 1303 vox
1355 1270 1402 1302 ut
1423 1262 1587 1304 feritur.
1608 1309 1612 1312 ,
1648 1264 1732 1305 Sed
1755 1277 1856 1304 cum

469 1319 554 1359 sint
575 1319 647 1359 alii
672 1320 761 1360 veri
782 1319 980 1369 affectus,
1011 1319 1083 1360 alii
1107 1319 1195 1360 ficti
1217 1327 1261 1360 et
1282 1319 1460 1360 imitati:
1494 1320 1581 1359 veri
1605 1320 1857 1361 naturaliter

469 1387 715 1432 erumpunt,
739 1388 783 1417 ut
808 1376 1065 1426 dolentium,
1088 1377 1383 1425 irascentium,
1405 1376 1727 1432 indignantium
1747 1393 1756 1419 z
1780 1376 1856 1418 sed

467 1443 614 1473 carent
643 1442 750 1482 arte,
781 1434 966 1488 ideoque
1001 1447 1085 1473 non
1121 1441 1219 1474 sunt
1241 1433 1481 1488 disciplinae
1512 1433 1746 1475 traditione
1767 1433 1855 1475 for·

469 1490 633 1530 mandi.
668 1490 847 1540 Contra,
868 1491 938 1545 qui
956 1489 1219 1546 effinguntur
1240 1490 1497 1538 imitatione,
1515 1498 1648 1531 artem
1669 1490 1854 1532 habent:

471 1546 543 1586 sed
585 1547 627 1587 bi
662 1560 809 1588 carent
835 1555 1002 1596 natura,
1035 1547 1221 1602 ideoque
1251 1548 1292 1588 in
1329 1546 1394 1587 his
1429 1548 1614 1602 primum
1648 1555 1712 1588 est
1745 1548 1857 1590 benc

472 1603 602 1654 affici,
636 1612 679 1644 et
714 1606 944 1660 concipere
986 1604 1195 1660 imagines
1232 1619 1387 1653 rerum,
1420 1614 1462 1644 et
1503 1612 1706 1659 tanquam
1747 1604 1858 1646 veris

472 1662 659 1702 moveri:
694 1662 754 1702 sic
784 1662 903 1702 velut
934 1661 1077 1701 media
1106 1676 1207 1710 vox,
1238 1676 1363 1716 quem
1390 1661 1584 1702 habitum
1603 1662 1768 1702 anobis
1790 1676 1859 1701 ac·

472 1718 651 1772 ceperit,
686 1718 800 1759 bunc
825 1718 1026 1774 judicum
1060 1718 1214 1758 animis
1248 1718 1383 1759 dabit.
1446 1718 1521 1759 Est
1552 1720 1664 1760 enim
1702 1719 1857 1759 mentis

474 1774 625 1823 index,
648 1783 698 1821 Aet
722 1775 836 1816 velut
854 1775 1088 1829 exemplar,
1111 1791 1159 1816 ac
1182 1775 1382 1824 totidem,
1414 1783 1522 1830 quot
1545 1774 1633 1824 illa,
1656 1776 1858 1816 mutatio-

475 1845 549 1871 nes
569 1831 713 1872 babet.
776 1831 926 1886 Itaque
951 1832 1060 1872 laetis
1079 1833 1120 1872 in
1142 1833 1266 1873 rebus
1291 1832 1432 1888 plena,
1463 1832 1662 1885 simplex,
1692 1843 1736 1872 et
1768 1833 1860 1888 ipsa

472 1888 796 1943 quodammodo
821 1889 964 1930 hilaris
984 1889 1097 1929 fluit:
1130 1899 1174 1928 at
1195 1889 1235 1928 in
1259 1890 1492 1930 certamine
1515 1897 1659 1929 erecta
1682 1890 1782 1930 totis
1802 1891 1861 1930 vi-

473 1947 605 1995 ribus,
639 1953 683 1986 et
706 1945 818 1985 velut
841 1946 1039 1986 omnibus
1063 1945 1201 1986 nervis
1235 1946 1488 1986 intenditur.
1548 1945 1686 1987 Atrox
1711 1947 1751 1986 in
1784 1947 1861 1996 ira,

473 2013 516 2042 et
539 2015 688 2057 aspera
720 2017 769 2043 ac
793 2003 941 2051 densa,
975 2009 1020 2042 et
1053 2003 1332 2057 respiratione
1365 2003 1540 2043 crebra:
1572 2017 1711 2057 neque
1744 2004 1857 2044 enim

473 2067 618 2114 potest
645 2073 736 2099 esse
766 2059 922 2114 longus
951 2060 1139 2114 spiritus,
1171 2073 1268 2100 eum
1299 2059 1581 2100 immoderate
1609 2060 1859 2104 effunditur.

474 2115 699 2156 Paululum
735 2117 777 2156 in
814 2116 976 2157 invidia
1008 2116 1206 2156 facienda
1239 2115 1410 2165 lentior,
1440 2116 1540 2172 quia
1574 2131 1659 2157 non
1693 2116 1784 2158 fere
1804 2118 1861 2159 ad

474 2172 587 2213 hane
606 2172 683 2213 nisi
701 2173 922 2214 inferiores
937 2173 1218 2228 confugiunt:
1243 2174 1340 2213 atin
1362 2173 1641 2222 blandiendo,
1665 2173 1860 2225 fatendo,

476 2230 798 2279 satisfaciendo,
832 2230 1043 2285 rogando,
1070 2230 1176 2270 lenis
1209 2237 1252 2271 et
1274 2231 1499 2271 submissa.
1560 2231 1860 2281 Suadentium,

474 2295 518 2327 et
539 2288 826 2336 monentium,
859 2296 904 2327 et
937 2286 1252 2341 pollicentium,
1283 2295 1328 2327 et
1352 2287 1669 2328 consolantium
1702 2289 1861 2343 gravis,

476 2343 518 2384 in
542 2354 657 2384 metu
682 2352 726 2383 et
751 2344 1009 2384 verecundia
1043 2352 1281 2393 contracta,
1313 2343 1688 2387 adhortationibus
1721 2345 1861 2396 fortis,

477 2400 844 2455 (lisputationibus
868 2411 991 2450 teres,
1013 2401 1288 2441 miseratione
1302 2401 1414 2441 flexa
1434 2408 1479 2441 et
1499 2402 1672 2451 flebilis,
1690 2410 1735 2442 et,
1755 2416 1859 2443 con-

475 2458 588 2498 sulto
607 2459 727 2512 quasi
750 2459 994 2499 obscurior:
1028 2468 1073 2498 at
1094 2459 1134 2498 in
1157 2458 1475 2513 egressionibus
1496 2458 1606 2508 fusa,
1637 2469 1680 2498 et
1699 2473 1860 2501 secnrae

476 2514 699 2563 claritatis,
734 2515 773 2554 in
813 2515 1084 2570 expositione
1121 2531 1170 2555 ac
1207 2516 1477 2556 sermonibus
1516 2524 1648 2565 recta,
1680 2523 1724 2555 et
1750 2516 1862 2558 inter

475 2579 650 2612 acutum
669 2586 820 2611 sonum
845 2583 886 2612 et
904 2586 1077 2627 gravem
1103 2573 1258 2612 media.
1318 2572 1528 2614 Attolitur
1548 2580 1692 2613 antem
1715 2573 1861 2614 conci·-

477 2631 577 2668 tatis
606 2627 849 2677 affectibus,
883 2629 1134 2683 compositis
1167 2629 1408 2680 descendit,
1439 2644 1516 2686 pro
1550 2630 1770 2685 utriusque
1799 2630 1860 2672 rei

475 2686 624 2734 modo,
649 2687 776 2725 antius
799 2685 862 2726 vel
887 2686 1077 2726 inferius.
1543 2731 1547 2734 ,

475 2743 483 2751 ’
516 2742 651 2788 Quid
676 2753 816 2789 autem
844 2743 1024 2798 quisquc
1048 2742 1295 2784 indicendo
1317 2742 1506 2800 postulet
1522 2742 1660 2794 locus,
1682 2742 1861 2800 paulum
