2015 3341
434 125 492 166 70
897 131 998 165 ΜΒ.
1026 132 1075 164 x.
1136 133 1246 163 clxv.
1278 127 1313 164 1.

397 219 516 262 ribus
538 220 717 262 vocibus
741 219 983 271 declarent,
1013 219 1075 261 ita
1103 227 1150 261 ut
1182 219 1292 261 nihil
1328 218 1674 274 significationis,
1704 222 1792 276 quo

398 279 544 332 potius
585 278 733 328 utaris,
765 277 958 328 intersit3
991 286 1040 317 ut
1077 276 1180 318 ensis
1220 287 1265 318 et
1301 276 1501 332 gladius:
1547 277 1647 328 alia,
1691 293 1789 333 quae

398 333 532 374 etiam
560 334 593 374 si
629 334 803 389 propria
836 336 976 374 rerum
1011 332 1251 388 aliquarum
1284 336 1370 374 sint
1408 334 1601 383 nomina,
1629 339 1792 386 τροπικαῖς

398 397 545 431 tamen
568 389 620 430 ad
643 390 830 431 eundem
848 389 1120 430 intellectum
1141 389 1359 440 feruntur3
1382 388 1613 445 utferrum
1633 397 1678 428 et
1697 402 1789 428 mu-

399 461 497 487 cro:
530 460 629 487 nam
662 460 739 502 per
765 447 1021 487 abusionem
1042 446 1216 487 sicarios
1243 446 1375 488 etiam
1398 461 1546 487 omnes
1570 458 1789 493 vocamus,

398 504 473 557 qui
506 503 671 543 effidem
716 502 804 543 telo
848 517 1106 558 quocunque
1137 503 1459 543 commiserint:
1491 503 1573 544 alia
1606 501 1791 547 circuitu

398 560 630 601 verborum
652 560 843 616 plurium
864 559 1157 611 ostendimus;
1191 559 1314 616 quale
1337 567 1417 611 est,
1781 570 1785 572 ·

999 670 1061 713 Et
1075 671 1213 729 pressi
1235 673 1358 730 copia
1380 671 1504 714 lactis
1520 688 1534 714 .-

397 785 587 843 plurima
609 801 710 827 vero
732 786 973 827 mutatione
987 785 1244 842 figuramus:
1271 785 1384 837 Scio,
1411 784 1509 828 Non
1528 786 1704 843 ignoro5
1726 791 1788 836 et,

435 843 503 884 '⁷072
521 843 735 900 mefugit,
770 842 869 884 Non
900 858 962 884 me
986 844 1198 898 praeterit,
1222 851 1282 894 et,
1308 842 1411 888 Quis
1435 843 1595 885 nescit?
1617 842 1790 885 Nemini

398 900 576 941 dubium
597 908 679 942 est.-
713 900 787 941 sed
812 900 943 941 etiam
965 914 1019 942 ex
1044 901 1243 956 proximo
1265 901 1450 942 mutuari
1471 900 1596 951 licet3
1629 914 1726 940 nam
1745 907 1792 940 et

396 956 610 1013 intelligo,
643 965 686 997 et
707 958 854 1006 sentio,
885 965 929 997 et
947 956 1080 1007 video,
1110 972 1224 1013 saepe
1246 957 1361 998 idem
1384 956 1527 998 valent
1547 957 1661 1012 quod
1685 957 1785 998 scio.

397 1015 596 1058 Quorum
620 1014 744 1055 nobis
763 1015 1002 1055 ubertatem
1025 1029 1075 1054 ac
1098 1014 1270 1055 divitias
1299 1014 1420 1055 dabit
1452 1013 1607 1062 lecti03
1643 1021 1686 1054 ut
1719 1013 1786 1054 his

397 1085 487 1112 non
523 1071 664 1112 solum
699 1086 797 1112 cum
832 1071 1113 1120 occurrerint,
1145 1071 1220 1111 sed
1257 1070 1389 1112 etiam
1429 1085 1528 1112 cum
1570 1077 1786 1125 oporteat,

398 1136 593 1169 utamur:
627 1142 715 1168 non
748 1141 916 1182 semper
948 1126 1065 1167 enim
1100 1127 1189 1169 haec
1224 1126 1336 1167 inter
1370 1141 1414 1168 se
1446 1127 1563 1168 idem
1596 1127 1785 1177 faciunt3

398 1197 499 1234 nec,
531 1185 642 1225 sicut
664 1184 717 1224 de
756 1183 980 1224 intellectu
1016 1183 1146 1224 animi
1182 1191 1298 1225 recte
1326 1183 1528 1232 dixerim,
1561 1183 1696 1232 video,
1728 1183 1790 1224 ita

397 1241 454 1287 de
476 1241 567 1282 visu
590 1241 832 1290 oculorum,
864 1238 1085 1296 intelligo.-
1119 1254 1199 1282 nec
1229 1250 1277 1281 ut
1310 1254 1450 1282 mucro
1483 1240 1697 1297 gladium,
1726 1239 1787 1282 sic

399 1312 635 1338 mucronem
654 1297 827 1353 gladius
844 1296 1051 1338 ostendit.

457 1355 543 1395 Sed
567 1364 613 1395 ut
634 1355 761 1410 copia
782 1355 1010 1395 verborum
1040 1353 1102 1394 sic
1133 1360 1323 1408 paratur,
1355 1354 1416 1394 ita
1446 1367 1536 1394 non
1557 1354 1786 1395 verborum

399 1420 569 1453 tantum
587 1414 726 1467 gratia
741 1411 894 1466 legend
904 1425 975 1451 um
991 1410 1056 1451 vel
1073 1410 1338 1452 audiendum
1353 1418 1438 1452 est:
1463 1425 1562 1451 nam
1578 1411 1789 1460 oninium,

396 1483 670 1524 quaecunque
686 1468 910 1517 docemus,
943 1467 1024 1508 hoc
1047 1475 1146 1508 sunt
1166 1468 1368 1523 exempla
1389 1468 1635 1523 potentiora
1656 1467 1788 1508 etiam

397 1526 502 1582 ipsis
524 1540 621 1581 quae
644 1525 871 1566 traduntur
893 1525 1072 1574 artibus,
1104 1539 1200 1565 cum
1225 1539 1277 1565 eo
1300 1525 1372 1579 qui
1395 1524 1522 1566 discit
1552 1524 1787 1580 perductus

397 1593 479 1632 est,
512 1593 558 1623 ut
580 1597 631 1623 ea
653 1582 892 1638 intelligere
915 1581 1006 1622 sine
1028 1581 1368 1632 demonstrante,
1387 1590 1430 1623 et
1451 1582 1571 1636 sequi
1586 1581 1678 1636 jam
1701 1580 1789 1621 suis

398 1641 560 1681 viribus
584 1640 742 1695 possit;
764 1639 879 1694 quia,
901 1652 1001 1694 quae
1018 1638 1401 1694 doctorpraecipit,
1422 1649 1566 1679 orator
1579 1637 1786 1679 ostendit.

395 1696 495 1737 Alia
518 1711 617 1737 vero
641 1696 833 1753 legentes,
865 1695 952 1736 alia
971 1695 1188 1736 audientes
1208 1696 1346 1751 magis
1367 1695 1590 1751 adjuvant.
1652 1694 1787 1736 Exci-

398 1761 462 1794 tat
479 1754 551 1809 qui
582 1753 688 1794 dicit
710 1753 860 1809 spiritu
890 1753 1001 1808 ipso,
1032 1766 1114 1793 nec
1147 1753 1336 1808 imagine
1368 1761 1411 1793 et
1439 1753 1603 1792 ambitu
1626 1766 1786 1801 rerum,

398 1811 473 1852 scd
498 1813 639 1860 rebus,
671 1810 881 1851 incendit.
941 1809 1105 1849 Vivunt
1135 1810 1250 1850 enim
1272 1809 1434 1859 omnia,
1466 1816 1511 1849 et
1540 1815 1786 1857 moventur,

398 1869 724 1923 excipimusque
756 1882 869 1908 nova
902 1865 993 1915 illa,
1023 1865 1141 1906 velut
1176 1866 1412 1916 nascentia,
1445 1879 1545 1906 cum
1567 1865 1714 1905 favore
1736 1878 1785 1906 ac

397 1924 692 1967 solicitudine.
753 1923 849 1965 Nec
870 1922 1043 1963 fortuna
1064 1922 1196 1963 modo
1220 1923 1395 1978 judicii,
1426 1922 1500 1963 sed
1524 1921 1654 1962 etiam
1672 1922 1789 1977 ipso-

397 1996 492 2023 rum
515 1982 588 2035 qui
622 1988 748 2022 orant
776 1979 986 2036 periculo,
1018 1979 1242 2020 afficimur.
1305 1980 1468 2020 Praeter
1490 1978 1603 2029 haec,
1633 1993 1719 2020 vox
1740 1984 1786 2019 et

397 2039 514 2081 actio
538 2039 711 2087 decora,
734 2036 980 2086 commoda,
1004 2046 1052 2077 ut
1072 2036 1250 2091 quisque
1272 2035 1393 2077 locus
1412 2034 1665 2091 postulabit,
1685 2050 1785 2090 pro-

397 2095 624 2138 nuntiandi
649 2094 715 2136 vel
740 2093 1040 2150 potentissima
1062 2093 1104 2132 in
1128 2093 1315 2134 dicendo
1338 2094 1465 2143 ratio,
1496 2101 1555 2143 et,
1586 2099 1634 2135 ut
1651 2090 1784 2134 semel

400 2154 559 2202 (licam,
593 2152 751 2207 pariter
768 2151 914 2192 omnia
931 2149 1107 2190 docent.

456 2210 507 2252 In
527 2209 701 2250 lectione
724 2209 882 2249 certius
898 2206 1131 2263 judicium,
1164 2205 1280 2261 quod
1316 2205 1507 2247 audienti
1539 2204 1787 2261 frequenter

397 2274 473 2309 aut
494 2281 592 2307 suus
627 2265 782 2320 cuique
804 2265 939 2313 favor,
969 2271 1044 2304 aut
1063 2262 1137 2304 ille
1159 2262 1430 2305 laudantium
1453 2263 1616 2305 clamor
1637 2269 1785 2303 extor-

397 2332 518 2381 quet.
579 2323 723 2364 Pudet
743 2322 859 2363 enim
881 2321 1123 2369 dissentire,
1154 2328 1197 2360 et
1215 2319 1334 2360 velut
1356 2321 1486 2362 tacita
1503 2319 1689 2375 quadam
1713 2332 1784 2359 ve-

396 2379 606 2424 recundia
627 2379 874 2420 inhibemur
898 2378 992 2433 plus
1025 2377 1150 2418 nobis
1178 2376 1381 2428 credere3
1414 2392 1511 2417 cum
1545 2376 1718 2418 interim
1741 2384 1785 2416 et

395 2440 552 2481 vitiosa
574 2436 766 2492 pluribus
790 2435 1004 2492 placeant,
1037 2441 1081 2474 et
1101 2449 1126 2474 a
1146 2434 1385 2489 corrogatis
1408 2433 1635 2475 laudentur
1653 2433 1784 2474 etiam

397 2511 495 2553 qnae
537 2509 623 2535 non
658 2493 847 2549 placent.
909 2492 994 2532 Sed
1028 2505 1052 2531 e
1085 2491 1302 2531 contrario
1333 2506 1504 2546 quoque
1528 2491 1704 2539 accidit,
1736 2498 1786 2530 ut

399 2553 565 2608 optime
587 2550 714 2591 dictis
733 2550 915 2605 gratiam
941 2548 1254 2604 pravajudicia
1273 2562 1360 2588 non
1383 2549 1585 2589 referant.
1632 2547 1783 2588 Lectio

398 2611 532 2651 libera
553 2616 640 2658 est3
674 2621 753 2648 nec
770 2607 951 2647 actionis
980 2607 1143 2661 impetu
1176 2605 1448 2656 transcurrit3
1480 2603 1554 2645 sed
1588 2612 1784 2659 repetere

398 2667 555 2720 swpius
573 2666 689 2714 licet,
721 2664 809 2704 sive
833 2664 1021 2712 dubites,
1053 2663 1141 2703 sive
1169 2661 1385 2702 memoriae
1411 2662 1582 2717 penitus
1609 2660 1785 2715 affigere

394 2724 515 2764 velis.
580 2722 843 2777 Repetamus
865 2727 1025 2769 autem,
1047 2727 1092 2759 et
1109 2726 1361 2759 tractemus:
1395 2728 1437 2759 et
1451 2726 1498 2759 ut
1519 2718 1640 2758 cibos
1663 2731 1786 2758 man·-

396 2796 464 2823 sos
474 2795 523 2822 ac
534 2794 668 2837 prope
678 2777 935 2835 liquefactos
947 2776 1213 2819 demittimus
1215 2790 1318 2833 ,quo
1330 2775 1498 2818 facilius
1509 2775 1551 2817 di
1556 2781 1758 2832 gerantur
1770 2784 1784 2824 ;
