2010 3382
421 138 464 180 vi
989 154 1230 184 LECTURO.

489 240 634 287 Hanc
668 255 784 288 vero
826 240 1063 288 rationem
1101 239 1279 288 edendi
1316 247 1537 287 veterum
1571 239 1721 286 libros
1759 237 1799 289 si

422 318 507 382 qui
546 319 835 383 vituperent,
876 321 1052 369 adeant
1096 338 1153 368 ea
1187 336 1295 384 quae
1342 320 1403 367 ad
1447 320 1799 384 compendium

423 416 566 447 suum
594 401 654 448 de
692 401 784 449 hac
811 419 859 449 re
883 402 1114 466 praefatus
1135 411 1211 448 est
1237 401 1483 449 Rollinus:
1523 401 1665 465 cujus
1691 401 1800 464 qui-

423 480 534 527 dein
559 481 791 545 vestigiiS,
822 491 879 529 ut
896 482 1175 545 plurimum,
1199 482 1490 541 insistimus;
1519 482 1697 546 quippe
1715 481 1801 544 qui

422 561 638 625 optimus
680 572 765 621 est,
807 564 1024 611 Gesnero
1068 563 1172 627 ipso
1201 563 1392 628 judice,
1428 580 1455 610 a
1503 561 1802 618 Quintiliani

420 641 537 689 inde
583 660 686 690 aevo
738 644 985 708 magister,
1082 645 1201 692 Non
1248 654 1412 692 tamen
1460 645 1529 691 ita
1580 642 1802 706 religiose

421 723 499 769 vel
533 723 803 772 oscitanter
835 725 1022 773 factum
1045 735 1119 774 est
1143 743 1169 773 a
1195 726 1349 784 nobis,
1389 735 1447 773 ut
1472 725 1654 773 Rollini
1679 741 1802 788 opus

413 802 517 866 jam
541 806 739 854 tandem
764 808 1082 869 repetendum
1110 809 1241 872 prelo
1267 808 1631 872 subjiceremus,
1670 808 1801 857 Tex-

421 893 527 932 tum
547 886 689 946 enim,
731 889 973 936 sexcentis
1008 890 1117 951 plus
1148 889 1304 937 minus
1337 889 1458 937 10015
1484 888 1648 935 adhuc
1673 888 1800 935 lace-

421 982 530 1013 rum
569 975 620 1015 et
650 978 951 1034 corruptum,
993 971 1182 1018 collatis
1215 970 1412 1035 optimis
1438 969 1570 1017 libris
1610 968 1802 1017 MSStis

417 1047 496 1093 vel
521 1048 678 1107 editis,
719 1050 924 1114 pristino
951 1051 1096 1100 nitori
1123 1052 1389 1110 restituere,
1430 1051 1600 1099 melius
1626 1050 1800 1098 distin-

420 1145 582 1191 guere,
623 1139 673 1177 et
697 1131 826 1178 notis
849 1132 1099 1191 illustrare,
1141 1151 1228 1197 pro
1263 1133 1387 1180 virili
1414 1133 1577 1181 conati
1613 1149 1796 1179 sumus.

422 1209 660 1258 Codicem
684 1211 806 1260 inter
824 1214 942 1260 alios
967 1215 1341 1274 Dorvillianum,
1366 1216 1449 1262 vix
1472 1214 1585 1262 satis
1607 1225 1796 1273 notum,

420 1290 505 1352 qui
522 1307 676 1359 nuper
692 1293 1012 1342 Bibliothecae
1029 1296 1307 1342 Bodleianae
1322 1304 1607 1353 accesserat,
1623 1295 1684 1342 ad
1704 1312 1802 1342 ma-

416 1387 511 1419 nus
536 1372 818 1436 frequenter
843 1374 1117 1424 habuimus.
1194 1378 1434 1425 Saeculum
1456 1377 1678 1442 profecto
1698 1376 1802 1424 XV

419 1470 516 1517 prae
541 1471 590 1501 se
608 1455 703 1502 fert
718 1455 810 1503 iste
829 1456 973 1504 liber:
1004 1475 1169 1506 verum
1186 1476 1245 1507 ex
1269 1458 1606 1522 antiquissimo
1630 1457 1803 1505 codice

418 1534 924 1602 videturdescriptus;
946 1540 1220 1604 quippequi
1238 1558 1347 1588 cum
1361 1540 1591 1587 Gothano
1612 1540 1798 1597 codice,

420 1617 641 1665 oninium
668 1619 870 1683 optimo,
911 1621 1030 1668 mire
1067 1623 1324 1680 consentit,
1366 1632 1414 1669 et
1440 1623 1487 1669 in
1514 1621 1692 1670 celebri
1718 1620 1802 1668 illo

419 1699 532 1746 loco
554 1700 634 1748 lib.
664 1699 728 1748 ix.
760 1718 864 1765 cap.
903 1707 950 1752 4.
991 1703 1082 1750 sub
1116 1703 1255 1751 initio
1282 1714 1448 1752 notam
1487 1702 1616 1750 hanc
1653 1702 1804 1750 habet

420 1780 625 1844 margini
663 1782 976 1846 adscriptam,
1022 1784 1145 1832 “hic
1182 1785 1350 1832 deficit
1386 1785 1547 1834 codex
1570 1784 1803 1833 vetustis-

422 1862 623 1911 simuS.’'
661 1864 799 1911 Inter
814 1865 971 1912 editos
992 1883 1189 1930 quoque
1204 1867 1351 1913 libros
1368 1865 1609 1931 optimum
1631 1883 1801 1929 quein-

421 1961 528 2007 que,
570 1946 925 1994 Jensonianum
953 1948 1153 2007 scilicet,
1197 1948 1635 2003 Burmanniauum,
1675 1949 1801 1996 Ges-

422 2026 686 2083 nerianum‚
717 2028 934 2091 aliosque
956 2045 1054 2075 non
1079 2047 1276 2094 paucos,
1300 2030 1419 2077 10015
1446 2029 1804 2076 difficilioribus

421 2106 472 2153 in
498 2107 771 2156 subsidium
787 2110 1010 2157 voeavim
1020 2128 1087 2159 us.
1120 2113 1285 2159 Multa
1299 2121 1528 2176 praeterea
1544 2111 1702 2157 textui
1717 2110 1803 2158 ad-

414 2188 647 2252 jicienda,
669 2191 824 2237 etsuis
840 2191 958 2238 locis
975 2191 1241 2252 inserenda,
1264 2210 1421 2258 pauca
1432 2192 1706 2240 omittenda
1717 2210 1803 2240 cu-

422 2270 659 2329 ravimus3
677 2287 732 2318 ea
747 2280 922 2328 tamen,
943 2282 1268 2338 utsperamus,
1288 2274 1555 2338 diligentia,
1575 2283 1631 2321 ut
1647 2291 1805 2338 neque

423 2351 557 2414 quod
575 2351 706 2415 operi
730 2362 898 2401 nostro
917 2356 1176 2403 accesserit
1202 2357 1323 2404 bene
1340 2357 1505 2403 abesse
1530 2372 1683 2420 posse,
1712 2372 1806 2404 nec

422 2433 557 2495 quod
575 2433 701 2480 desit
717 2434 976 2482 desiderari
994 2436 1234 2484 videatur.
1275 2437 1427 2493 Quod
1448 2438 1689 2500 reliquum
1714 2445 1801 2497 est,

421 2514 668 2576 quoniam,
688 2515 1054 2580 utsapientibus
1072 2519 1243 2582 placet,
1263 2519 1533 2566 humanum
1546 2527 1617 2566 est
1630 2534 1801 2581 errare,

422 2595 630 2658 rogandi
663 2606 780 2644 sunt
805 2614 971 2646 omnes
1008 2600 1229 2647 laborum
1263 2610 1541 2647 nostrorum
1580 2599 1719 2647 docti
1756 2607 1807 2646 et

421 2677 545 2739 aequi
565 2677 774 2741 judices,
816 2689 871 2726 ut
898 2698 1005 2743 qua:
1031 2682 1430 2747 reprehenderint
1462 2682 1625 2747 aliqua
1661 2681 1807 2730 laude

423 2773 741 2823 compensare
767 2760 935 2810 velint.
