2015 3341
630 96 694 126 nn
727 95 1120 127 COMPOSITIONE.
1486 86 1568 126 251

176 196 258 228 ‚nec
283 182 370 223 ulla
392 197 456 224 res
481 182 572 223 sine
590 191 680 224 arte
699 182 800 224 satis
822 182 980 232 valeat,
1003 191 1046 224 et
1063 182 1295 224 comitetur
1315 195 1483 237 semper
1500 195 1568 222 ar-

178 246 266 289 tem
289 240 444 283 decor?
476 240 543 287 An
564 255 649 281 uon
668 255 780 290 eam,
812 255 908 294 quae
932 241 1086 281 emissa
1107 239 1271 295 optime
1293 245 1373 288 est,
1398 238 1564 278 hastam

177 297 490 351 speciosissime
519 305 764 338 contortam
787 296 888 337 ferri
912 297 1131 345 videmus?
1164 303 1208 336 et
1235 310 1336 335 areu
1372 294 1566 352 dirigen-

176 354 286 393 tium
301 353 399 402 tela,
412 369 497 408 quo
510 354 667 394 certior
685 368 850 402 manus,
866 353 949 393 hoc
960 361 1004 393 et
1017 353 1189 399 habitus
1205 352 1294 406 ipse
1306 350 1564 392 formosior?

175 410 273 450 Jam
296 411 337 450 in
363 412 595 451 certamine
617 424 850 460 armorum,
873 421 1001 464 atque
1020 411 1064 450 in
1085 409 1201 450 omni
1225 408 1439 463 palaestra,
1459 406 1565 463 quid

179 466 279 506 satis
302 474 417 507 recte
441 475 616 508 cavetur
637 481 686 507 ac
715 467 891 521 petitur,
923 467 990 506 eui
1021 481 1106 507 non
1140 465 1298 506 artifex
1331 473 1490 514 motus,
1523 470 1571 504 et

178 524 282 563 certi
305 523 481 578 quidam
506 524 636 579 pedes
653 522 792 563 adsint
811 525 823 563 ?
856 524 1001 569 Quare
1025 523 1131 563 mihi
1154 521 1472 577 compositione
1493 534 1568 561 ves-

178 578 245 630 lut
266 581 447 620 amentis
464 579 722 634 quibusdam
752 581 947 619 nervisve
976 579 1146 620 intendi
1175 587 1218 619 et
1239 579 1448 619 concitari
1472 592 1569 618 sen-

177 636 326 686 tentiae
346 636 561 677 videntur.
606 635 712 675 Ideo
730 635 1020 676 eruditissimo
1041 637 1197 689 cuique
1216 649 1463 691 persuasum
1486 641 1567 684 est,

178 691 322 732 valere
343 707 437 732 eam
460 708 587 747 quam
607 692 855 747 plurimum,
878 707 962 732 non
985 691 1038 732 ad
1062 691 1400 737 delectationem
1418 690 1569 739 modo,

179 748 253 788 sed
288 748 340 788 ad
374 756 538 789 motum
574 762 748 804 quoqne
778 749 1035 797 animorum,
1097 748 1309 797 Primum,
1340 748 1441 805 quia
1462 747 1570 788 nihil

179 805 337 846 intrare
370 813 515 861 potest
545 806 587 845 in
623 804 846 855 affectum,
877 804 994 859 quod
1024 805 1067 845 in
1091 819 1208 853 aure,
1238 804 1358 846 velut
1378 803 1570 859 quodam

177 861 410 912 vestibulo,
427 862 571 902 statim
589 860 788 902 offendit.
840 860 1029 910 Deinde,
1052 860 1169 917 quod
1193 867 1346 909 natura
1369 859 1569 908 ducimur

178 918 232 969 ad
252 919 431 972 modos:
464 932 605 974 neque
627 918 747 959 euim
768 917 889 969 aliter
913 918 1122 968 eveniret,
1153 925 1202 958 ut
1222 916 1283 960 illi
1304 931 1477 974 quoque
1499 932 1570 959 or-

178 989 390 1031 ganorum
411 976 522 1026 soni,
552 990 798 1030 quanquam
820 976 952 1015 verba
982 989 1069 1015 non
1097 975 1363 1030 exprimunt,
1395 975 1437 1014 in
1459 973 1568 1015 alios

180 1039 324 1081 tamen
348 1040 477 1088 atque
509 1032 616 1074 alios
638 1040 781 1073 motus
803 1032 1011 1073 ducerent
1041 1031 1300 1072 auditorem.
1363 1030 1413 1072 In
1433 1040 1570 1072 certa-

178 1089 368 1130 minibus
391 1090 520 1131 sacris
553 1104 638 1130 non
674 1089 827 1130 eadem
856 1090 1023 1130 ratione
1058 1089 1283 1129 concitant
1316 1088 1484 1129 animos
1518 1104 1568 1130 ac

180 1146 444 1188 remittuntz·
468 1161 547 1188 nec
581 1147 758 1193 eosdem
791 1146 946 1187 modos
976 1145 1188 1187 adhibent
1224 1160 1324 1189 cum
1365 1144 1569 1187 bellicum

181 1211 248 1244 est
277 1203 539 1254 canendum,
569 1214 613 1244 et
643 1219 743 1245 cum
774 1203 917 1259 posito
946 1218 1060 1259 genu
1093 1202 1454 1258 supplicandum:
1488 1216 1571 1244 nec

181 1260 299 1301 idem
322 1261 544 1316 signorum
567 1269 804 1302 concentus
827 1268 891 1300 est
911 1259 1178 1316 procedente
1199 1261 1252 1301 ad
1281 1259 1477 1315 praeliuin
1494 1273 1572 1300 ex-

181 1319 334 1370 =ercitu,
368 1319 482 1359 idem
514 1319 707 1374 receptui
737 1332 925 1369 carmen.
986 1316 1274 1372 Pythagoreis
1300 1325 1416 1357 certe
1440 1317 1571 1357 moris

180 1374 279 1425 fuit,
313 1382 370 1424 et,
403 1390 503 1416 cum
543 1375 835 1430 evigilassem,
877 1374 1044 1415 animos
1081 1374 1136 1414 ad
1178 1374 1315 1430 lyram
1352 1374 1568 1424 excitare3

182 1446 272 1486 quo
297 1441 437 1472 essent
462 1432 513 1473 ad
548 1431 764 1487 agendum
788 1432 1042 1482 erectiores;
1074 1440 1133 1480 et,
1154 1447 1251 1472 cum
1274 1445 1470 1471 somnum
1494 1445 1571 1486 pe-

182 1497 337 1538 terent,
368 1490 420 1530 ad
455 1489 636 1535 eandem
672 1490 788 1544 prius
822 1489 957 1540 lenire
986 1495 1180 1539 mentes3
1214 1499 1276 1538 ut,
1310 1488 1343 1528 si
1374 1488 1477 1541 quid
1504 1487 1572 1528 fu-

182 1545 284 1586 isset
310 1547 594 1588 turbidiorum
625 1546 958 1602 cogitationum,
990 1552 1317 1600 componerent.
1380 1544 1509 1590 Quod
1534 1545 1569 1586 si

180 1604 369 1656 numeris
387 1611 430 1644 et
449 1604 590 1643 modis
613 1604 723 1644 inest
743 1602 944 1658 quaedam
964 1604 1096 1644 tacita
1115 1602 1193 1651 vis,
1226 1602 1269 1643 in
1292 1601 1486 1642 oratione
1504 1609 1572 1643 est

181 1659 581 1712 velienientissinia3
614 1667 910 1716 quantumque
943 1660 1136 1708 interest,
1168 1674 1314 1700 sensus
1338 1658 1451 1698 idem
1476 1659 1572 1713 qui-

181 1715 269 1764 bus
282 1718 423 1758 verbis
445 1718 663 1767 efferatur,
699 1727 883 1774 tantum,
916 1717 1047 1769 verba
1074 1715 1225 1763 eadem
1250 1731 1335 1770 qua
1355 1717 1573 1770 composi-

181 1773 301 1824 tione
324 1775 391 1816 vel
423 1775 467 1815 in
500 1775 620 1816 exitu
647 1775 905 1829 jungantur,
936 1773 1003 1814 vel
1035 1774 1121 1815 fine
1155 1773 1434 1814 claudantur:
1471 1788 1570 1815 nam

183 1832 384 1886 quaedam
407 1839 452 1872 et
474 1833 698 1873 sententiis
721 1846 866 1887 parva,
899 1837 942 1871 et
963 1830 1210 1871 elocutione
1226 1829 1414 1879 modica,
1438 1830 1572 1871 virtus

183 1887 278 1940 haec
308 1889 400 1929 sola
420 1889 713 1930 commendat.
776 1887 993 1942 Denique,
1016 1887 1130 1942 quod
1151 1887 1308 1942 cuique
1330 1886 1465 1927 visum
1490 1887 1575 1928 erit

183 1945 478 1996 vehementer,
510 1946 712 1995 dulciter,
742 1962 773 2000 s¹
794 1946 935 1986 eeiose
957 1945 1142 1993 dictum,
1174 1944 1311 1985 solvat
1339 1951 1382 1985 et
1405 1945 1571 1993 turbet,-

185 2003 324 2049 aberit
343 2003 483 2045 omnis
507 2004 584 2054 vis,
609 2003 878 2058 jucunditas,
909 2002 1055 2043 decor.
1117 2001 1257 2043 Solvit
1274 2000 1472 2056 quaedam
1498 2016 1574 2049 sua.

185 2059 228 2099 in
270 2058 453 2101 Oratore
493 2060 648 2101 Cicero
666 2059 848 2101 z—Nam
886 2074 1026 2115 neque
1063 2073 1132 2099 me
1173 2059 1340 2099 divitiae
1380 2068 1574 2113 movent,

187 2117 342 2171 quibus
360 2132 510 2158 omnes
525 2117 756 2158 Africanos
775 2127 819 2158 et
839 2116 988 2159 Laelios
1007 2115 1131 2160 multi
1150 2116 1339 2157 venalitii
1359 2122 1574 2161 mercato-2·

186 2187 338 2228 resque
352 2183 606 2230 superarunt
623 2176 873 2216 z—immuta
890 2173 1150 2229 paullulum,
1165 2181 1213 2214 ut
1231 2172 1485 2222 δίῃ-11111111
1501 2188 1572 2214 su-

186 2240 445 2286 peraverunt
468 2240 741 2281 mercatores,
774 2231 1177 2286 venalitiique‚—et
1197 2243 1426 2284 sequentes
1448 2229 1573 2270 dein-

188 2301 289 2342 ceps
321 2289 541 2343 periodos:
574 2305 678 2344 quas
698 2290 730 2330 si
753 2288 806 2330 ad
831 2288 952 2328 illum
978 2287 1156 2331 modum
1179 2289 1421 2343 pei·turbeS‚
1454 2287 1574 2330 velut

188 2342 325 2391 fracta
346 2354 418 2386 aut
437 2356 675 2391 transversa
696 2346 780 2387 tela
801 2346 1048 2401 projeceris.
1110 2344 1233 2385 Idem
1257 2344 1452 2400 corrigit,
1474 2358 1573 2399 quae

189 2414 216 2449 a
252 2401 455 2444 Graccho
494 2403 736 2459 composita
771 2403 917 2443 durius
952 2410 1088 2458 putat.
1151 2401 1278 2442 Illum
1314 2400 1462 2451 decet3
1495 2415 1573 2441 nos

189 2456 272 2498 hae
295 2459 424 2499 simus
452 2461 707 2515 probatione
735 2460 947 2508 conteuti,
979 2459 1096 2514 quod
1131 2459 1173 2500 in
1197 2458 1442 2505 scribendo,
1473 2472 1570 2512 quae

189 2529 232 2561 se
252 2516 376 2556 nobis
396 2517 603 2559 solutiora
619 2517 870 2565 obtulerint,
891 2517 1217 2572 componimus:
1251 2514 1354 2569 quid
1373 2514 1486 2554 enim
1506 2522 1572 2555 at-

191 2572 301 2625 tinet
320 2586 467 2614 eorum
490 2574 691 2630 exempla
720 2588 928 2629 quaerere,
961 2589 1058 2628 quae
1080 2573 1159 2613 sibi
1184 2571 1364 2627 quisque
1385 2570 1574 2626 experiri

190 2631 356 2690 potest?
388 2629 498 2672 lllud
521 2639 691 2673 notasse
713 2631 814 2672 satis
842 2630 999 2681 habeo,
1030 2644 1116 2685 quo
1145 2628 1362 2685 pulcriora
1383 2635 1425 2667 et
1447 2641 1574 2668 sensu

193 2693 236 2744 'pt
256 2686 504 2744 elocutione
521 2688 783 2743 dissolveris,
815 2687 899 2742 hoc
919 2688 1162 2730 orationem
1175 2685 1314 2743 magis
1332 2684 1574 2739 deformem
