2015 3341
507 120 572 153 DE
608 120 810 153 GENERE
846 117 1077 152 nicENm.
1399 104 1484 155 569

96 206 335 264 tiphontem
359 208 594 260 invenitur)
619 207 852 264 plurimum
881 207 961 247 arti
983 203 1267 246 addiderunt:
1298 217 1484 259 quorum

96 266 213 319 prior
235 266 447 306 luminum
470 267 802 319 umbrarumque
831 265 1045 305 invenisse
1067 262 1295 311 rationem,
1326 275 1480 301 secun-

96 321 175 361 dus
211 323 476 363 examinasse
509 322 708 363 subtilius
741 322 875 361 lineas
913 319 1110 361 traditur.
1174 318 1285 358 Nam
1321 317 1480 357 Zeuxis

96 378 192 433 plus
213 380 417 419 membris
439 379 630 434 corporis
653 378 798 427 dedit3
830 379 873 418 id
904 376 1085 432 amplius
1099 383 1228 430 atque
1256 373 1480 430 augustius

94 443 227 484 ratus,
242 447 369 489 atque
387 439 449 488 (ut
471 436 740 485 existimant)
758 434 998 474 Homerum
1014 439 1202 481 secutus,
1224 431 1293 471 cui
1308 429 1482 472 validis-

96 491 204 531 sima
223 507 404 546 quaeque
427 492 564 532 forma
587 492 717 531 etiam
740 492 781 530 in
806 490 977 530 feminis
1001 488 1166 544 placet:
1200 487 1272 528 ille
1294 501 1395 528 vero
1420 488 1481 527 ita

94 548 433 602 circumscripsit
455 549 616 597 omnia,
640 557 685 587 ut
707 561 804 587 eum
829 545 963 602 legum
987 546 1162 586 latorem
1185 552 1356 594 vocent,
1379 543 1481 598 quia

95 603 273 645 deorum
299 614 427 659 atquc
452 605 629 645 heroum
647 603 828 658 effigies,
859 602 1007 658 quales
1025 603 1079 643 ab
1096 616 1148 642 eo
1171 609 1270 642 sunt
1292 601 1482 649 traditae,

94 663 259 710 caeteri,
312 672 514 716 tanquam
557 662 619 700 ita
656 674 831 700 necesse
871 661 941 709 sit,
993 666 1242 713 sequuntur.
1312 657 1482 698 Floruit

94 728 238 758 autem
273 718 388 758 circa
421 717 690 772 Philippum,
721 725 765 757 et
797 730 931 770 usque
966 716 1018 756 ad
1056 728 1323 756 successores
1344 714 1480 754 Alex-

94 774 233 824 andri,
265 776 432 830 pictura
470 774 702 829 praecipue3
747 772 820 812 sed
863 772 1042 813 diversis
1083 771 1336 812 virtutibus:
1381 785 1481 811 nam

94 845 197 871 cura
219 831 502 885 Protogenes,
536 831 703 871 ratione
739 828 991 884 Pamphilus
1024 842 1074 868 ac
1096 826 1386 876 Melanthius,
1417 828 1483 867 faa

93 887 260 927 cilitate
278 886 550 942 Antiphilus,
583 885 884 941 concipiendis
909 884 1159 934 visionibus,
1179 897 1283 938 quas
1298 886 1480 935 φαῖὶασίας

92 952 268 993 vocant,
299 943 450 984 Theon
485 942 669 992 SamiuS,
703 942 878 997 ingenio
911 949 956 982 et
983 941 1138 997 gratia,
1170 955 1298 996 quam
1322 937 1482 993 ipsein

93 1014 138 1042 se
156 1001 512 1055 maxime-jactat,
544 999 721 1055 Apelles
741 1007 807 1041 est
834 999 1226 1054 praestantissimus.
1288 994 1486 1050 Euphra-

93 1071 243 1098 norem
264 1057 563 1098 admirandum
590 1057 710 1106 facit,
742 1057 856 1111 quod
876 1067 920 1097 et
936 1055 1107 1096 caeteris
1128 1053 1305 1110 optimis
1328 1050 1482 1093 studiis

93 1113 207 1155 inter
243 1115 503 1170 praecipuos,
549 1121 594 1154 ct
627 1113 839 1170 pingendi
875 1112 1157 1170 fingendique
1194 1111 1313 1153 idem
1349 1109 1483 1150 mirus

93 1171 250 1211 artifex
273 1171 366 1212 fuit.

152 1227 314 1269 Similis
332 1229 373 1268 in
393 1227 545 1269 statuis
568 1225 838 1269 differentia:
871 1240 969 1267 nam
993 1225 1181 1276 duriora,
1213 1232 1259 1267 et
1272 1221 1482 1266 Tuscani-

93 1284 155 1326 cis
178 1285 392 1340 proxima,
416 1284 555 1326 Calon
578 1292 707 1339 atque
729 1287 790 1336 (l)
813 1283 1156 1339 Hegesias3j21m
1179 1284 1321 1324 ‘minus
1343 1279 1484 1336 rigida

94 1341 307 1391 Calami53
332 1342 530 1383 molliora
551 1342 694 1382 adhuc
713 1356 839 1396 supra
861 1341 989 1382 dictis
1010 1340 1173 1396 Myron
1188 1340 1309 1381 fecit.
1369 1336 1482 1379 Dili-

93 1400 243 1453 gentia
274 1413 324 1440 ac
353 1397 486 1440 decor
515 1399 559 1439 in
594 1398 823 1454 Polycleto
855 1412 983 1453 supra
1016 1405 1211 1439 caeteros:
1245 1396 1314 1438 cui
1343 1407 1482 1451 quan·

91 1471 222 1509 quam
245 1471 270 1496 a
292 1455 503 1511 plerisque
526 1456 729 1496 tribuitur
750 1454 909 1511 palma,
939 1463 1099 1505 tamen,
1130 1469 1184 1496 ne
1204 1453 1311 1495 nihil
1336 1452 1482 1493 detra-

93 1511 236 1562 hatur,
268 1513 416 1553 deesse
449 1512 618 1568 pondus
639 1519 810 1568 putant.
870 1512 1002 1562 Nam,
1033 1521 1082 1552 ut
1103 1511 1303 1553 humanae
1326 1508 1480 1551 formae

92 1569 294 1610 decorem
327 1569 546 1610 addiderit
572 1584 699 1624 supra
723 1583 888 1619 verum,
918 1569 978 1609 ita
1009 1582 1096 1609 non
1131 1568 1372 1625 explevisse
1405 1566 1483 1607 de-

91 1641 214 1667 orum
238 1627 538 1667 auctoritatem
563 1627 748 1667 videtur.
810 1627 929 1672 Quin
949 1632 1122 1668 aetatem
1145 1639 1318 1681 quoque
1339 1623 1483 1680 gravi-

91 1698 208 1724 orem
235 1683 393 1724 dicitur
409 1683 633 1739 refugisse,
661 1682 771 1723 nihil
794 1698 920 1724 ausus
943 1682 1055 1724 ultra
1074 1682 1207 1724 laeves
1225 1696 1369 1738 genaS.
1401 1680 1479 1730 At,

92 1754 189 1795 qua:
209 1740 436 1796 Polycleto
455 1740 701 1790 defuerunt,
724 1739 896 1781 Phidiae
913 1749 1041 1796 atque
1058 1738 1287 1781 Alcameni
1304 1738 1478 1780 dantur.

91 1796 276 1839 Phidias
307 1808 448 1838 tamen
485 1798 567 1839 diis
603 1812 733 1852 quam
766 1797 1015 1838 hominibus
1047 1796 1287 1838 efficiendis
1324 1793 1481 1836 melior

91 1855 248 1896 artifex
282 1854 491 1905 traditur3
524 1855 566 1896 in
590 1856 721 1896 ebore
744 1868 844 1895 vero
873 1854 1004 1910 longe
1025 1855 1134 1901 citra
1155 1852 1378 1900 aemulum,
1409 1850 1481 1891 vel

92 1912 126 1952 si
151 1911 259 1952 nihil
287 1911 367 1952 nisi
399 1911 644 1952 Minervam
669 1910 870 1962 Athenis,
895 1922 970 1953 aut
991 1910 1248 1967 Olympium
1281 1911 1324 1950 in
1349 1907 1478 1950 Elide

89 1968 250 2011 Jovenl
280 1969 469 2018 fecisset,
500 1969 621 2024 cujus
645 1968 895 2024 pulcritudo
928 1967 1137 2025 adjecisse
1157 1967 1319 2023 aliquid
1344 1966 1479 2007 etiam

91 2033 279 2081 receptae
316 2025 516 2081 religioni
553 2025 744 2076 videtur;
782 2025 892 2067 adeo
934 2027 1136 2081 majestas
1166 2025 1308 2081 operis
1347 2023 1480 2064 deum

88 2084 288 2138 a‘quavit-
355 2082 422 2123 Ad
460 2083 685 2123 veritatem
720 2083 954 2138 Lysippum
973 2095 1019 2124 et
1042 2082 1306 2124 Praxitelem
1330 2094 1477 2122 acces·

91 2141 195 2181 sisse
217 2140 381 2195 optime
403 2139 638 2181 affirmant:
671 2154 768 2181 nam
803 2139 1049 2181 Demetrius
1082 2149 1285 2196 tanquam
1317 2138 1476 2179 nimius

93 2198 136 2239 in
163 2211 213 2237 ea
235 2196 585 2251 reprehenditur3
618 2207 662 2238 et
691 2197 776 2239 fuit
795 2197 1092 2239 similitudinis
1114 2211 1241 2253 quam
1267 2194 1477 2252 pulcritue

94 2254 207 2296 dinis
229 2254 455 2294 amantior.

150 2311 202 2352 In
223 2311 418 2352 oratione
443 2323 541 2351 vero
576 2309 609 2350 si
642 2311 808 2366 species
831 2310 984 2352 intueri
1009 2310 1129 2362 velis,
1161 2310 1345 2352 totidem
1368 2322 1480 2366 pene

94 2369 280 2424 reperias
313 2367 587 2421 ingeniorum
609 2379 716 2422 quot
739 2383 968 2423 corporum
1002 2369 1176 2410 formas.
1237 2368 1321 2409 Sed
1356 2368 1476 2408 fuere

94 2425 292 2479 quaedam
317 2434 476 2478 genera
492 2423 663 2465 dicendi
686 2424 937 2466 conditione
957 2435 1195 2482 temporum
1219 2424 1476 2473 horridiora,

94 2482 258 2536 alioqui
286 2495 491 2536 magnam
514 2481 606 2536 jam
628 2482 714 2523 vim
748 2483 913 2538 ingenii
942 2498 1030 2538 prae
1059 2498 1103 2524 se
1132 2482 1341 2524 ferentia:
1374 2480 1478 2522 hinc

93 2546 195 2580 sunt
215 2537 357 2588 Laelii,
372 2537 585 2589 Africani,
603 2537 807 2591 Catones,
831 2538 1133 2596 Gracchique3
1164 2554 1272 2596 quos
1295 2549 1341 2580 tu
1373 2538 1479 2579 licet

141 2685 193 2724 (1)
219 2683 459 2723 Aspirationem
470 2683 547 2713 huic
561 2683 681 2714 nomini
707 2684 849 2724 praeponi
868 2687 1076 2717 curavimus:
1097 2691 1147 2716 est
1164 2687 1249 2717 enim
1266 2687 1308 2718 ab
1322 2679 1478 2726 ἦγεομαι.

97 2729 213 2769 Hegias
223 2729 303 2768 conj.
322 2728 525 2758 Brouckhus.
546 2729 588 2758 ad
604 2729 700 2768 Prop.
720 2730 750 2765 3,
765 2728 798 2766 Ἷ,
812 2732 831 2759 ·1
839 2732 868 2759 Ο.
898 2730 959 2762 Sed
977 2730 1060 2762 illud
1071 2730 1181 2771 ipsum
1193 2732 1322 2763 videtur
1336 2741 1406 2763 esse
1421 2732 1484 2762 hu-

89 2773 147 2812 J'us
160 2771 404 2812 compendium.
433 2771 466 2803 ί),
811 2813 837 2854 b

752 2827 779 2855 B
