2015 3341
606 86 671 126 bt:
705 86 1027 126 Arrnctinus,
1432 75 1516 126 15¹?

121 173 251 233 duce,
282 182 446 240 accepi.
507 181 685 225 Summa
716 183 833 225 enim
859 185 1083 238 (quantum
1113 191 1196 236 ego
1218 176 1392 235 quidem
1417 192 1516 219 sene

120 240 201 292 tio)
227 241 342 281 circa
366 241 606 282 movendos
635 241 816 282 affectus
850 241 892 280 in
915 238 998 280 hoc
1021 237 1160 293 posita
1182 246 1262 287 cst,
1294 243 1343 277 ut
1361 249 1515 276 moveo

119 308 242 337 amur
271 298 375 353 ipsi:
409 312 507 338 nam
542 304 586 338 et
616 297 772 347 luctus,
804 307 848 337 et
883 297 975 345 irae,
1007 303 1050 335 et
1081 292 1396 348 indignationis
1430 291 1514 333 ali-2

119 353 295 406 quando
317 354 501 396 ridicula
533 354 662 407 fuerit
693 353 897 403 imitatio,
927 354 961 394 si
991 351 1122 393 verba
1142 349 1394 407 vultumque
1414 356 1512 389 tan<

119 419 230 459 tum,
276 424 363 452 non
403 412 532 452 etiarn
571 412 780 460 animum,
824 408 1311 450 accommodaverimus.
1388 404 1509 451 Quid

119 467 235 507 enim
258 467 376 509 aliud
398 477 463 509 est
484 482 642 518 causae,
672 477 720 508 ut
749 467 946 521 lugentes
979 466 1127 520 utique
1161 464 1205 504 in
1234 463 1395 504 recenti
1429 462 1511 503 doe>

118 521 211 564 lore
250 524 528 566 disertissime
563 524 764 579 quaedam
796 522 1038 564 exclamare
1079 521 1322 569 videantur,
1367 528 1411 562 et
1446 520 1512 560 ira

118 593 436 635 nonnunquam
470 580 656 621 indoctis
687 593 859 634 quoque
883 578 1177 633 eloquentiam
1199 577 1347 626 saciat,
1377 589 1510 630 quam

117 637 236 691 quod
254 637 338 677 illis
361 638 473 678 inest
494 638 556 678 vis
578 639 751 687 mentis,
772 646 817 678 et
837 635 994 676 veritas
1013 635 1320 691 ipsamorum?
1362 632 1509 678 Quare

117 692 163 733 in
191 693 260 742 iis,
291 708 388 748 quae
418 693 667 735 verisimilia
697 706 788 734 esse
821 690 1031 740 volemus,
1064 691 1194 731 simus
1231 689 1311 744 ipsi
1344 688 1508 729 similes

117 758 284 799 eorum,
327 750 399 805 qui
435 764 532 790 vere
566 749 805 804 patiuntur,
832 746 1082 797 affectibus3
1124 755 1168 787 et
1195 761 1221 787 a
1252 744 1327 787 tali
1360 745 1507 787 auimo

114 805 414 860 proficiscatur
446 806 602 855 oratio,
632 806 804 861 qualem
840 804 983 845 facere
1010 803 1207 859 judicem
1238 802 1373 843 volet.
1434 801 1507 844 An

113 862 184 903 ille
207 861 390 913 dolebit,
421 863 493 917 qui
512 863 660 903 audiet
677 877 747 903 me
765 875 863 904 cum
886 860 971 901 hoc
990 860 1130 901 dicam
1148 873 1235 900 non
1256 858 1504 901 dolentem?

114 917 338 969 irascetur,
370 919 404 959 si
425 919 532 960 nihil
556 920 646 975 ipse
662 920 737 975 qui
761 921 806 960 in
827 919 935 959 iram
957 917 1166 967 concitat,
1198 915 1328 971 idque
1349 914 1506 970 exigit,

113 975 254 1017 simile
276 976 489 1032 patietur?
519 977 644 1018 siccis
665 976 813 1031 agenti
837 974 975 1016 oeulis
997 974 1207 1029 lacrymas
1230 972 1380 1014 dabit?
1412 972 1503 1014 fieri

114 1047 203 1076 non
234 1039 399 1090 potest:
432 1047 514 1075 nec
533 1032 730 1075 incendit
749 1033 830 1075 nisi
852 1032 981 1088 ignis,
1013 1045 1093 1072 nec
1116 1029 1401 1071 madescimus
1424 1028 1505 1071 nisi

112 1088 312 1141 humore,
343 1104 424 1131 nec
446 1104 511 1133 res
533 1090 621 1133 ulla
651 1090 728 1131 dat
760 1089 883 1132 alteri
911 1088 1105 1129 colorem
1137 1101 1267 1143 quem
1302 1087 1396 1142 ipsa
1414 1100 1506 1128 non

114 1145 264 1189 habet.
325 1146 517 1191 Primum
540 1154 606 1189 est
625 1147 775 1204 igitur,
804 1154 853 1188 ut
873 1144 988 1202 apud
1019 1159 1098 1186 nos
1119 1144 1290 1186 valeant
1310 1158 1377 1194 ea,
1406 1157 1507 1198 quae

112 1204 258 1245 valere
289 1204 403 1261 apud
426 1204 623 1260 judicem
652 1203 867 1255 volumus,
898 1201 1221 1259 afficiamurque
1254 1209 1354 1242 ante
1374 1213 1507 1254 quam

114 1261 285 1302 afficere
314 1275 536 1302 conemur.
598 1261 657 1302 At
677 1275 763 1316 quo
794 1258 928 1303 modo
949 1258 1041 1309 fiet,
1071 1265 1120 1299 ut
1137 1257 1400 1300 afficiamur?
1430 1269 1508 1299 nee²

113 1332 198 1372 que
221 1319 336 1359 enim
359 1327 456 1359 sunt
474 1325 615 1359 motus
633 1318 678 1359 in
698 1326 846 1360 nostra
862 1324 1092 1374 potestate.
1151 1314 1351 1357 Tentabo
1371 1314 1505 1358 etiam

115 1375 172 1416 de
209 1375 293 1417 hoc
326 1375 484 1416 dicere.
544 1374 664 1421 Quas
696 1379 891 1425 φαντασίας
921 1373 1062 1414 Graeci
1094 1379 1265 1421 vocant,
1295 1385 1373 1412 nos
1402 1385 1504 1413 sane

113 1431 598 1488 visioncseppellemus3
631 1445 707 1487 per
723 1444 827 1486 quas
849 1429 1059 1487 imagines
1091 1444 1232 1471 rerum
1261 1428 1506 1471 absentium

113 1489 175 1529 ita
196 1495 557 1546 repraesentantur
576 1490 741 1536 animo,
773 1493 821 1527 ut
839 1500 910 1527 eas
931 1500 1105 1528 cernere
1134 1485 1288 1536 oculis,
1320 1500 1370 1527 ac
1390 1500 1505 1541 prae·

113 1554 256 1588 sentes
278 1546 435 1587 habere
454 1544 698 1586 videamur:
730 1543 804 1584 has
826 1544 1016 1599 quisquis
1036 1544 1144 1584 bene
1168 1543 1435 1599 conceperit,
1468 1543 1505 1585 is

109 1603 193 1644 erit
215 1603 258 1644 in
280 1603 507 1645 affectibus
527 1600 873 1658 potentissimus:
900 1599 1022 1642 hunc
1051 1599 1228 1656 quidam
1262 1600 1414 1640 dicunt
1444 1604 1502 1641 ive

109 1663 355 1709 φαντασῖωτον,
386 1659 459 1715 qui
495 1659 577 1700 sibi
614 1673 696 1708 res,
724 1671 869 1707 voces,
901 1664 1038 1707 actus,
1070 1656 1307 1698 secundum
1349 1670 1500 1699 verum

110 1713 277 1769 optime
307 1714 462 1773 finget3
495 1715 611 1772 quod
634 1715 809 1772 quidem
830 1714 954 1756 nobis
981 1713 1225 1755 volentibus
1248 1712 1374 1755 facile
1398 1727 1503 1755 con-

109 1770 266 1826 tinget.
326 1773 440 1816 Nam
464 1781 506 1814 et
529 1772 641 1814 inter
663 1773 753 1814 otia
772 1771 1030 1820 animorum,
1062 1778 1106 1811 et
1137 1785 1231 1826 spes
1263 1771 1425 1820 inanes,
1455 1777 1502 1812 et·

109 1827 230 1870 velut
250 1831 418 1872 somnia
439 1829 952 1887 quaedamevigilantium,
985 1828 1045 1869 ita
1065 1842 1141 1868 nos
1175 1827 1243 1868 hae
1263 1827 1316 1869 de
1339 1827 1497 1883 quibus

108 1882 341 1941 loquimur,
372 1887 582 1944 imagines
620 1893 951 1943 prosequuntur,
985 1894 1031 1926 ut
1061 1883 1343 1941 peregrinari,
1372 1884 1497 1926 navi-

110 1956 230 1998 gare,
271 1944 473 2000 praeliari,
517 1945 699 2002 populos
741 1943 921 1998 alloqui,
966 1942 1232 1993 divitiarum,
1263 1956 1367 1999 quas
1407 1955 1498 1983 non

110 1999 336 2052 habemus,
368 2016 492 2043 usum
525 2002 749 2043 videamur
782 1999 1036 2056 disponere;
1069 2013 1150 2042 nec
1179 2000 1390 2055 cogitare,
1421 1998 1496 2041 sed

108 2055 269 2100 facere.
329 2057 432 2101 Hoc
455 2058 588 2101 animi
611 2059 764 2100 vitium
791 2056 845 2100 ad
878 2056 1112 2098 utilitatem
1147 2070 1232 2097 non
1267 2056 1497 2098 transfere-

110 2117 234 2157 mus?
266 2123 316 2157 ut
347 2116 569 2158 hominem
602 2115 795 2157 occisum
827 2129 997 2169 querar,
1030 2127 1115 2154 non
1139 2113 1299 2163 omnia,
1333 2128 1430 2168 quae
1454 2115 1496 2154 in

108 2185 154 2213 re
170 2172 371 2228 praesenti
389 2172 597 2215 accidisse
619 2171 825 2215 credibile
849 2179 928 2219 est,
959 2173 1002 2212 iu
1021 2170 1158 2212 oculis
1181 2170 1379 2211 habebo?
1409 2185 1498 2211 non

108 2242 335 2284 percussor
363 2229 436 2271 ille
466 2230 635 2273 subitus
667 2228 892 2284 erumpet?
923 2243 1008 2269 non
1029 2234 1292 2283 expavescet
1311 2228 1498 2268 circum-

109 2289 291 2329 ventus?
322 2286 599 2338 exclamabit,
631 2287 699 2330 vel
721 2286 911 2343 rogabit,
942 2285 1008 2328 vel
1030 2285 1199 2341 fugiet?
1230 2299 1317 2325 non
1339 2284 1497 2327 seriem

109 2349 215 2392 tem,
244 2357 331 2385 non
373 2344 681 2387 concidentem
710 2343 899 2387 videbo?
931 2357 1017 2384 non
1055 2342 1200 2383 animo
1230 2341 1421 2396 sanguis,
1453 2350 1501 2384 et·

109 2398 262 2455 pallor,
290 2408 335 2442 et
366 2401 569 2457 gemitus,
598 2408 818 2444 extremus
852 2399 1039 2455 denique
1075 2398 1313 2455 expirantis
1353 2398 1496 2439 hiatus

109 2457 346 2498 insidebit?
405 2456 661 2515 Insequetur
682 2459 849 2513 ἐνάργεια,
869 2471 966 2512 quae
984 2472 1009 2497 a
1023 2456 1236 2498 Cicerone
1259 2453 1496 2498 illustratio

108 2520 155 2555 et
187 2513 398 2556 evidentia
436 2516 708 2565 nominatum
741 2526 838 2568 quae
871 2528 959 2556 uon
996 2521 1084 2555 tam
1121 2512 1265 2554 dicere
1307 2511 1495 2561 videtur,

108 2584 240 2625 quam
272 2570 521 2615 ostendere:
553 2581 596 2614 et
631 2572 812 2614 affectus
842 2585 929 2612 non
965 2570 1106 2621 aliter,
1136 2584 1266 2626 quam
1300 2569 1332 2610 si
1369 2569 1497 2608 rebus

109 2627 215 2682 ipsis
249 2628 510 2683 intersimus,
542 2634 790 2689 sequentur.
846 2628 916 2671 An
951 2643 1039 2671 non
1067 2641 1123 2672 ex
1157 2627 1223 2671 his
1256 2625 1494 2668 visionibus

114 2683 187 2727 illa
208 2693 328 2727 sunt:

789 2754 825 2789 H
