2015 3341
606 172 669 206 m:
701 171 1075 207 JUREJURANDO.
1453 154 1537 200 129

200 256 256 306 V.
288 263 531 307 CONTRA
569 264 735 306 tabulas
765 278 938 320 quoque
971 274 1084 316 saepe
1118 257 1299 319 dictum,
1332 267 1447 310 saepe
1469 252 1537 292 di-

143 322 332 362 cendum
355 331 433 372 est,
466 336 563 363 cum
587 337 657 363 eas
679 337 764 363 non
787 321 926 362 solum
948 317 1103 367 refelli,
1133 315 1207 356 sed
1238 321 1368 376 etium
1400 324 1536 374 'accu-

145 378 244 427 sari,
277 380 462 420 sciamus
483 393 574 419 esse
599 380 818 420 usitatum.
878 377 989 417 Cum
1024 375 1079 416 sit
1110 381 1251 414 autern
1287 367 1432 432 ind-us
1460 372 1537 430 eut.

143 434 274 475 scelus
299 437 583 491 signatorum,
616 444 689 476 aut
719 434 984 491 ignorantia,
1018 431 1150 472 tutius
1186 442 1237 469 ac
1271 425 1437 487 faoiliue
1471 422 1533 471 ld,

144 492 262 545 quod
302 493 492 533 secundo
533 493 629 534 loco
665 492 869 539 diximus,
901 498 1124 537 tractatur,
1154 483 1270 542 quod
1307 494 1534 545 pauciore}

143 549 205 588 rei
229 549 352 590 fiunt.
413 550 495 590 Sed
531 549 616 590 hoc
647 549 784 604 ipsum
806 554 1061 602 argumenta
1081 559 1135 586 ex
1157 556 1287 583 causa
1311 538 1463 587 tral11t3
1497 549 1532 576 st

145 603 256 645 forte
279 614 353 646 aut
374 606 629 647 incredibile
649 618 713 645 est
742 605 785 645 id
819 614 963 644 actum
993 616 1083 643 esse
1105 599 1221 656 quod
1246 595 1406 660 tabulae
1428 607 1534 634 con-

145 662 301 711 tinent,
324 670 398 703 aut
411 667 477 714 (ut
492 662 756 717 frequentius
773 661 937 710 evenit)
953 659 1048 699 aliis
1065 655 1393 719 probationibus
1412 663 1533 705 aeque

146 718 486 760 inartificialibus
508 719 712 768 solvitur-3
745 719 777 758 si
813 729 887 757 aut
914 717 964 765 is,
997 716 1038 755 in
1061 729 1188 769 quem
1213 719 1429 767 Signatum
1450 717 1532 756 est,

143 786 218 814 aut
239 775 394 830 aliquis
425 777 617 831 signator
654 775 812 815 dicitur
845 773 1047 821 abfuisse,
1081 771 1147 810 vel
1179 769 1295 825 prius
1327 779 1420 807 esse
1455 763 1533 827 de-

144 830 343 883 functus3
377 832 411 872 si
444 839 637 887 tempora
658 845 744 871 non
766 836 1038 884 congruunt3
1073 827 1105 867 si
1131 827 1198 868 vel
1228 822 1533 887 antecedentia

143 887 214 927 vel
237 888 506 943 insequentia
535 887 688 928 tabulis
721 893 980 942 repugnant.
1042 883 1261 939 Inspectio
1293 894 1387 937 ipsa
1415 890 1531 933 saepe

142 944 274 984 etiam
298 944 451 985 falsum
476 944 779 1000 deprehendit.

199 1000 277 1042 VI.
308 999 763 1043 ›JUSJURANDUM
799 998 1038 1055 litigatores
1070 1004 1145 1039 aut
1169 994 1358 1038 offerunt
1388 1002 1531 1057 enum,

141 1065 217 1097 aut
251 1073 335 1099 non
373 1059 587 1114 recipiunt
617 1057 827 1107 oblatum,
859 1065 934 1098 aut
966 1057 1020 1097 ab
1053 1053 1297 1096 adversario
1330 1055 1532 1105 emgunt,

141 1123 215 1156 aut
236 1123 436 1156 recusant
457 1130 555 1157 cum
574 1116 627 1156 ab
649 1115 749 1169 ipsis
771 1115 986 1169 exigatur.
1379 1164 1387 1172 ι
1467 1162 1475 1169 ·

203 1170 366 1228 Offerre
387 1188 504 1214 snum
523 1173 613 1214 sine
635 1172 710 1213 illa
730 1172 999 1220 conditione,
1020 1176 1068 1210 ut
1089 1167 1155 1210 vel
1175 1166 1442 1228 adversarius
1457 1175 1532 1219 Ju-

140 1238 222 1279 ret,
255 1229 343 1270 fere
368 1231 613 1286 improbum
641 1238 729 1270 est:
760 1229 834 1284 qui
867 1238 1009 1269 tamen
1040 1226 1083 1267 id
1105 1225 1251 1274 faciet,
1283 1233 1357 1264 aut
1378 1229 1466 1285 vita
1486 1233 1532 1259 se

142 1286 350 1336 tuebitur,
381 1295 429 1328 ut
450 1301 547 1328 eum
570 1301 656 1327 non
679 1286 733 1327 sit
754 1284 962 1326 credibile
994 1284 1301 1340 pejeraturum,
1334 1288 1408 1320 aut
1437 1291 1533 1340 ipsa

141 1342 184 1383 vi
207 1342 449 1399 religionis;
482 1344 523 1384 in
545 1349 631 1398 qua
663 1342 757 1399 plus
779 1342 880 1383 fidei
913 1347 1218 1396 consequetur,
1250 1339 1283 1378 si
1307 1337 1348 1378 id
1373 1340 1529 1392 egerit,

142 1408 293 1440 utnon
317 1400 473 1456 cupide
494 1401 549 1442 ad
573 1400 654 1441 hoc
675 1399 954 1449 descendere,
985 1398 1059 1440 sed
1084 1411 1137 1438 ne
1159 1396 1244 1437 hoc
1262 1394 1531 1456 quideinre-

141 1470 291 1498 cusare
332 1458 548 1509 videaturg,
579 1465 654 1498 aut
692 1457 727 1498 si
763 1472 890 1498 causa
930 1459 987 1509 (1)
1025 1454 1156 1496 modo
1198 1454 1385 1516 patietur
1423 1449 1530 1496 litis,

139 1521 318 1569 propter
338 1529 464 1570 quam
484 1515 716 1555 devoturus
738 1528 782 1554 se
805 1514 894 1569 ipse
917 1528 1002 1554 non
1020 1511 1175 1560 fuerit3
1208 1519 1281 1550 aut
1300 1523 1350 1558 sl,
1372 1513 1529 1563 praeter

141 1569 225 1611 alia
245 1586 384 1612 causae
407 1572 706 1621 instrumenta,
727 1570 880 1627 adjicit
895 1585 949 1612 ex
968 1567 1205 1611 abundanti
1223 1567 1336 1607 hanc
1354 1575 1530 1620 quoque

139 1628 421 1669 conscientiae
444 1643 530 1670 suae
547 1628 768 1668 fiduciam.

201 1683 290 1729 Qui
309 1687 371 1737 (Q)
397 1700 479 1726 uon
501 1685 667 1740 recipit,
689 1694 734 1725 et
754 1684 944 1739 iniquam
967 1682 1283 1731 conditionem,
1306 1687 1349 1721 et
1370 1691 1394 1718 a
1413 1673 1530 1739 mulf

140 1739 193 1781 tis
215 1742 726 1798 contemnijurisjurandi
744 1751 907 1782 metum
931 1741 1070 1791 dicet3
1093 1753 1191 1780 cum
1209 1749 1253 1780 et
1275 1732 1527 1793 philosophl

138 1798 316 1852 quidam
338 1800 423 1840 sint
444 1799 618 1855 reperti,
650 1799 723 1854 qui
745 1801 807 1850 (3)
833 1798 924 1838 deis
947 1798 1058 1838 hane
1076 1811 1216 1837 rerum
1237 1795 1528 1856 humanarum

138 1868 286 1896 curam
303 1865 537 1911 negarent3
571 1871 666 1896 eum
689 1869 806 1906 νει-ο,
825 1855 897 1910 qui
916 1854 1035 1896 nullo
1057 1853 1279 1894 deferente
1305 1854 1526 1904 (4)Jurare

137 1911 195 1951 sit
226 1921 414 1969 paratuS,
446 1922 490 1954 et
511 1914 650 1969 ipsum
680 1912 789 1954 velle
810 1912 864 1952 de
886 1927 1015 1953 causa
1035 1926 1111 1952 sua
1137 1909 1433 1966 pronuntiare,
1465 1913 1527 1953 et,

137 1983 268 2023 quam
290 1970 332 2011 id
354 1970 469 2025 quod
493 1970 620 2012 offert
639 1970 734 2010 leve
756 1984 806 2011 ao
823 1969 950 2010 facile
971 1969 1137 2017 credat,
1168 1965 1410 2029 ostendere

195 2026 256 2067 At
276 2027 310 2068 is
328 2028 401 2082 qui
422 2030 479 2081 (5)
501 2027 651 2084 defert,
665 2041 792 2082 agere
809 2026 1006 2067 modeste
1028 2026 1215 2075 videtur,
1231 2037 1330 2065 cum
1346 2022 1434 2062 litis
1448 2017 1525 2083 ad-

140 2083 371 2125 versarium
394 2085 591 2140 judicem
628 2085 774 2134 faciat,
815 2094 858 2124 et
898 2098 1014 2132 eum,
1049 2083 1172 2138 cujus
1208 2080 1404 2137 cognitio
1441 2083 1523 2125 est,

138 2154 269 2182 onere
290 2141 462 2191 liberet,
492 2142 565 2198 qui
590 2141 786 2198 profecto
807 2140 949 2182 alieno
963 2138 1247 2197 jurejurando
1271 2136 1372 2178 stari
1393 2148 1525 2192 quam

137 2212 215 2238 suo
239 2198 375 2239 malit.
1066 2238 1069 2240 ,

195 2255 296 2302 Quo
314 2254 532 2297 difficilior
554 2255 759 2297 recusatio
782 2263 870 2306 est3
902 2254 985 2296 nisi
1001 2253 1114 2297 forte
1135 2269 1201 2297 res
1218 2263 1282 2296 est
1303 2268 1369 2303 ea,
1392 2262 1524 2306 quam

182 2404 235 2444 (1)
259 2406 324 2435 Aut
340 2405 364 2436 si
383 2415 433 2435 res
449 2410 657 2436 controversa
673 2406 735 2436 erit
751 2405 923 2445 ejusmodi,
949 2408 986 2435 ut
998 2404 1155 2437 credibile
1165 2414 1231 2437 non
1246 2403 1398 2435 videatur
1412 2404 1523 2442 ipsum

137 2447 198 2477 sibi
215 2448 475 2487 imprecaturum
492 2451 532 2479 ob
549 2459 617 2480 rem
635 2455 703 2480 tam
720 2450 885 2488 exiguam.
938 2448 1028 2479 Turn.

182 2491 233 2531 (¹2)
259 2493 322 2524 Qui
337 2502 400 2522 non
416 2493 533 2532 recipit
548 2494 695 2523 oblatum
713 2494 754 2523 ab
771 2492 1212 2533 admrsariojusjurandum,
1229 2491 1312 2522 duas
1329 2492 1425 2522 affert
1442 2499 1525 2521 cau·

139 2543 208 2563 sas:
238 2538 265 2566 1.
289 2535 436 2575 iniquam
447 2546 519 2567 esse
534 2538 766 2574 conditionem,
791 2538 817 2566 si
833 2546 954 2575 nempe
971 2537 1157 2576 cujuspiam
1175 2537 1265 2567 salus
1289 2537 1330 2567 ab
1347 2537 1453 2566 alieno
1465 2537 1522 2575 ju-

138 2582 288 2608 ramento
304 2580 463 2617 pendeat:
491 2583 520 2611 9..
544 2591 564 2610 a
579 2582 694 2611 multis
709 2582 871 2611 contemni
885 2580 1102 2620 jurisjurandi
1117 2587 1256 2611 metum.

184 2622 235 2660 (¹3)
258 2622 463 2661 Elegantiam
481 2624 616 2662 hujusce
631 2625 779 2655 lectionis
794 2625 826 2655 in
841 2625 939 2656 dubio
955 2625 1027 2656 loco
1038 2629 1217 2663 agnoscent
1232 2623 1363 2657 eruditi.
1411 2623 1523 2660 Porro,

140 2664 274 2704 Epicuri
296 2666 337 2695 de
352 2676 451 2705 grege
462 2672 540 2696 sunt
551 2668 602 2697 isti
620 2668 819 2707 philosophi:

359 2709 417 2739 :2111
431 2709 547 2739 ratione
562 2721 615 2740 sua
631 2712 797 2742 ‹Iisturbent
811 2710 918 2742 moem'a
933 2710 1046 2741 mundi.
1070 2711 1111 2741 Ο.

183 2751 235 2791 (4)
260 2752 383 2783 Notum
400 2754 480 2783 illud
496 2754 680 2784 Juvenalis:
709 2756 860 2786 Nondum
877 2755 1238 2796 Graecisjurareparatis

258 2796 318 2826 Per
333 2800 436 2834 caput
451 2797 597 2835 alteriuS,
623 2798 686 2828 διο.
714 2799 749 2828 Ο.

185 2837 238 2878 (5)
265 2839 326 2872 Qui
339 2840 624 2880 jusjurandumab
637 2842 826 2874 adversario
839 2841 953 2881 exigit.
