2015 3341
389 102 474 142 '2:12
820 106 920 141 mn.
949 106 1063 140 vixx.
1124 109 1235 141 cAr.
1267 109 1346 142 nl.

387 194 448 238 At
469 195 621 238 vitium
640 194 737 245 erit,
766 194 937 250 quoties
969 193 1161 238 otiosum
1190 193 1336 245 fuerit,
1367 203 1412 238 et
1443 194 1675 255 supererit;
1705 194 1770 249 (1)

388 266 476 294 non
499 267 599 294 cum
631 251 876 308 adjicietur.
939 251 1020 294 Est
1049 252 1199 303 etiam,
1229 265 1328 308 quae
1355 256 1420 307 (2)
1445 258 1619 310 περιεργία
1648 267 1776 294 voca·

389 316 475 360 tur,
506 323 772 366 supervacua
787 313 859 361 (ut
879 308 940 350 sic
963 307 1167 361 dixerim)
1186 308 1444 366 operositas;
1463 319 1510 352 ut
1531 325 1555 350 a
1572 308 1774 365 diligenti

386 366 602 416 curiosus,
633 374 678 406 et
693 381 719 408 a
741 365 952 422 religione
968 365 1217 422 superstitio
1238 365 1393 408 distat:
1415 377 1562 423 atque,
1576 372 1625 406 ut
1641 363 1775 407 semel

389 421 557 473 finiam,
588 421 770 463 verbum
799 436 927 464 omne
958 422 1076 478 qnod
1112 436 1251 478 neque
1283 422 1551 467 intellectum
1581 421 1774 478 adjuvat,

388 492 532 534 neque
563 488 781 530 ornatum,
809 478 1001 521 vitiosum
1043 479 1130 521 clici
1162 485 1322 536 potest.
1379 481 1585 531 Κακόζηλω,
1617 479 1660 520 id
1694 488 1776 528 est,

389 538 503 579 mala
525 535 761 585 affectatio,
793 550 870 593 per
896 549 1024 578 omne
1047 535 1219 579 dicendi
1242 549 1378 592 genus
1400 543 1577 591 peccat:
1609 551 1709 577 nam
1730 543 1778 576 et

388 592 573 644 tumida,
589 601 633 634 et
648 592 794 643 exilia,
816 602 862 635 et
907 592 1130 644 raedulcia,
1145 599 1190 635 et
1201 591 1484 641 abundantia,
1502 603 1547 631 et
1558 592 1779 641 arcessita,

390 658 435 691 et
453 649 713 699 exultantia,
743 650 851 692 subi
887 663 956 691 em
976 664 1133 692 nomen
1156 649 1340 692 cadunt:
1372 648 1576 703 denique,
1597 649 1779 698 κακόζηλον

390 715 587 758 vocatur,
616 706 828 764 quidquid
860 714 927 748 est
956 706 1067 750 ultra
1094 707 1315 757 virtutem,
1346 705 1516 763 quoties
1552 704 1778 759 ingenium

377 764 554 822 judicio
569 772 701 813 caret,
717 773 762 805 et
776 764 918 822 specie
935 764 1038 806 boni
1057 763 1241 814 fallitur3
1261 763 1456 804 omnium
1473 762 1514 802 in
1531 760 1781 817 eloquentia

391 822 595 864 vitiorum
661 822 881 864 essiinum.
943 821 1056 864 Nam
1083 828 1242 864 caeteta
1271 835 1425 877 parurn
1448 818 1662 869 vitantur3
1693 817 1780 858 hoc

389 879 568 934 petitur.
603 915 606 919 .
669 886 709 919 st
745 891 891 921 autem
933 886 1074 921 totum
1110 879 1155 919 in
1197 877 1456 919 elocutione.-
1495 890 1596 918 nam
1637 887 1780 916 rerum

389 935 499 978 vitia
520 944 635 985 sunt,
657 935 853 986 stultum,
875 949 1122 984 commune,
1140 935 1421 983 contrarium,
1443 945 1779 989 supervacuunn

390 997 592 1048 corrupta
611 992 751 1034 oratio
775 993 817 1034 in
836 992 979 1033 verbis
998 991 1185 1034 maxime
1203 991 1465 1048 impropriis,
1497 988 1779 1031 redundanti-

389 1051 485 1100 bus,
518 1049 907 1103 comprehensione
939 1050 1138 1098 obscura,
1168 1049 1487 1102 compositione
1521 1046 1674 1095 fracta,
1703 1059 1782 1085 vo·

389 1121 490 1149 cum
508 1106 714 1147 similium
737 1114 812 1147 aut
828 1105 1129 1162 ambiguarum
1151 1104 1303 1161 puerili
1325 1104 1589 1160 captatione,
1619 1101 1781 1143 consis-

391 1164 460 1205 tit.
522 1161 602 1206 Est
617 1171 763 1204 autem
786 1175 915 1204 omne
936 1163 1118 1214 κακόζηλον
1136 1161 1287 1217 utique
1307 1161 1479 1210 falsum,
1501 1159 1668 1201 etiamsi
1693 1172 1781 1200 non

390 1235 521 1262 omne
543 1218 693 1260 falsum
717 1219 909 1268 κακόζηλον,
926 1224 974 1258 ut
989 1231 1086 1258 cum
1106 1217 1265 1259 dicitur
1281 1218 1405 1259 aliter
1417 1231 1546 1273 quam
1567 1229 1612 1257 se
1629 1224 1782 1257 natura

388 1275 539 1326 habet,
555 1284 598 1317 et
620 1287 749 1331 quam
771 1283 959 1329 oportet,
980 1283 1024 1315 et
1044 1289 1172 1330 quam
1192 1282 1255 1315 sat
1273 1282 1352 1316 est.
1410 1273 1614 1317 Totidem
1635 1279 1782 1314 autern

390 1334 621 1390 generibus
642 1329 933 1386 corrumpitur
955 1333 1109 1381 oratio,
1139 1338 1247 1388 quot
1279 1341 1476 1374 ornatur:
1508 1330 1583 1373 sed
1616 1329 1671 1371 de
1700 1328 1783 1372 hac

388 1402 512 1449 parte
533 1390 637 1431 etin
657 1388 740 1430 alio
762 1404 788 1429 a
806 1387 930 1429 nobis
948 1402 1078 1445 opere
1099 1389 1270 1446 plenius
1287 1389 1454 1431 dictum
1475 1399 1557 1438 est,
1578 1387 1682 1429 etin
1699 1385 1784 1429 hoc

389 1464 505 1506 saepe
543 1454 766 1494 tractatur,
796 1451 841 1486 et
870 1444 1012 1487 adhue
1049 1454 1274 1503 spargetur
1304 1446 1508 1488 omnibus
1543 1444 1675 1486 locis:
1717 1443 1783 1484 lo-

389 1517 572 1563 quentes
589 1504 705 1544 enim
721 1502 775 1544 ‹le
793 1511 963 1554 ornatu,
981 1503 1163 1545 subinde
1181 1517 1280 1559 quae
1298 1511 1397 1545 sunt
1416 1502 1606 1553 vitanda,
1624 1500 1784 1543 similia

392 1563 625 1607 virtutibus
648 1560 769 1611 vitia,
801 1559 1011 1601 dicemus.
1071 1561 1181 1603 Sunt
1213 1560 1412 1602 inornata
1438 1568 1484 1602 et
1515 1559 1633 1610 haec;
1663 1558 1783 1615 quod

390 1621 507 1663 male
536 1618 795 1675 dispositum
831 1626 912 1667 est,
943 1617 1204 1668 ἐνοικουὸμητω·
1235 1618 1352 1673 quod
1389 1618 1500 1660 male
1534 1616 1782 1672 figuratum,

391 1679 605 1730 ἄσχῆμαῖῖω·
646 1673 763 1730 quod
804 1673 918 1714 male
961 1671 1240 1722 collocatum,
1281 1675 1521 1715 κακοσύνθετον
1562 1681 1735 1715 vocant.
1771 1704 1782 1715 .

392 1734 569 1782 Κοιησμὸς
593 1745 768 1788 quoque
789 1730 1033 1787 appellatur
1047 1729 1247 1785 quaedam
1267 1730 1401 1772 mixta
1414 1743 1468 1770 ex
1483 1731 1599 1772 varia
1617 1730 1783 1772 ratione

395 1787 641 1842 linguarum
665 1788 820 1830 oratio.
854 1817 867 1828 .
926 1791 991 1838 (3)
1009 1785 1223 1829 Ornatam
1238 1795 1318 1837 est,
1339 1785 1457 1842 quod
1481 1787 1709 1843 perspicuo
1730 1801 1781 1829 ac

393 1845 610 1899 probabili
637 1845 730 1901 plus
746 1854 826 1894 est,
849 1852 894 1886 et
915 1845 956 1885 in
976 1857 1044 1893 e0,
1065 1844 1181 1899 quod
1205 1844 1311 1886 velis
1333 1843 1518 1899 exprimi
1541 1844 1785 1896 decentius,

395 1902 492 1943 haec
515 1903 721 1944 nitidiora
743 1902 869 1953 facit3
892 1900 1007 1958 quod
1034 1902 1203 1957 proprie
1225 1900 1386 1942 dixeris
1408 1900 1581 1943 cultum.
1631 1900 1784 1957 Itaque

396 1959 575 2012 ἒνίςγοοειν,
605 1960 727 2016 cujus
761 1959 803 2000 in
839 1959 1067 2015 praeceptis
1101 1959 1354 2000 narrationis
1387 1957 1470 2000 feci
1499 1959 1784 2009 mentionem,

395 2014 499 2068 quia
523 2016 614 2068 plus
643 2025 708 2058 est
724 2015 951 2065 evidentia,
985 2014 1049 2055 vel
1070 2019 1134 2068 (ut
1154 2015 1239 2057 alia
1261 2014 1431 2066 dicunt)
1456 2015 1784 2071 repraeseutatio,

396 2084 527 2123 quam
561 2074 858 2129 perspicuitas,
890 2083 935 2114 et
970 2072 1074 2113 illud
1108 2073 1282 2129 quidem
1317 2078 1452 2130 patet,
1485 2073 1568 2115 hoc
1601 2088 1645 2113 se
1677 2087 1787 2128 quo-

397 2127 635 2171 daminodo
660 2130 866 2180 ostendit,
898 2130 1010 2171 inter
1042 2137 1296 2171 ornamenta
1331 2144 1554 2186 ponamus.
1617 2129 1786 2185 Magna

397 2184 534 2225 virtus
555 2195 637 2236 est,
668 2202 749 2237 res,
782 2186 837 2228 de
858 2188 1014 2243 quibus
1036 2187 1266 2242 loquimur,
1286 2186 1418 2235 clare,
1448 2196 1577 2242 atque
1599 2194 1647 2227 ut
1668 2187 1785 2229 cerni

400 2240 643 2294 videantur,
674 2244 920 2286 enuntiare:
964 2259 1051 2285 non
1082 2244 1197 2286 enim
1237 2244 1339 2286 satis
1371 2242 1519 2294 efficit,
1552 2258 1709 2300 neque,
1738 2252 1786 2285 ut

399 2297 549 2353 debet,
580 2301 708 2358 plene
730 2301 978 2344 dominatur
997 2302 1152 2354 oratio,
1183 2302 1219 2344 si
1249 2315 1383 2359 usque
1410 2300 1465 2342 ad
1500 2315 1623 2343 aures
1652 2301 1789 2353 volet,

446 2457 497 2495 (1)
522 2457 594 2486 Non
611 2456 673 2486 erit
685 2457 811 2493 vitium,
836 2463 912 2487 cum
929 2456 1104 2496 adjicietur
1115 2465 1156 2487 ex
1167 2456 1336 2488 industria.

447 2508 499 2548 (2)
523 2501 697 2552 sszgsefyia
713 2513 781 2537 tam
800 2511 850 2537 est
867 2509 898 2538 in
915 2508 1011 2538 rebus
1023 2517 1124 2547 quain
1141 2510 1172 2538 in
1185 2509 1300 2539 verbis.
1343 2509 1394 2539 Fit
1405 2513 1518 2540 autem
1534 2518 1612 2540 cum
1624 2508 1726 2540 nimia
1739 2509 1786 2540 di<

400 2550 537 2590 figentia
557 2553 700 2583 utimur:
728 2551 802 2581 inde
821 2552 908 2581 enim
930 2552 980 2581 vel
1003 2552 1164 2588 addendo,
1189 2552 1241 2582 vel
1258 2553 1470 2590 detrahendo,
1495 2558 1555 2584 aut
1570 2554 1704 2584 nimium
1731 2563 1787 2584 ex-

398 2597 545 2633 colendo,
557 2601 613 2626 aut
624 2595 745 2634 saepins
758 2595 928 2631 mutando,
939 2596 1119 2625 orationem
1133 2596 1298 2632 vitiarnus,
1312 2602 1346 2627 et
1357 2597 1525 2627 reddimus
1539 2597 1733 2628 inornatam.
1749 2596 1785 2627 T.

446 2641 499 2679 (3)
525 2640 639 2671 Oratio
656 2644 765 2670 uotest
780 2648 851 2668 esse
870 2639 1054 2677 perspicua,
1080 2643 1113 2670 et
1138 2640 1327 2678 probabilis,
1351 2641 1382 2670 id
1401 2645 1451 2671 est
1466 2640 1548 2673 nihil
1576 2642 1697 2671 habere
1718 2640 1788 2680 plus

400 2683 535 2717 minim-e
549 2693 638 2724 quam
652 2684 746 2720 decet,
770 2687 808 2713 ut
822 2692 862 2712 ex
879 2683 1032 2714 Cicerone
1048 2682 1152 2721 paulo
1165 2689 1242 2714 ante
1255 2684 1421 2721 definitur,
1446 2684 1587 2715 necdum
1605 2694 1676 2714 esse
1691 2694 1787 2714 orna·

399 2731 454 2756 ta:
482 2728 525 2764 id,
549 2728 637 2767 quod
653 2727 783 2757 duabus
799 2727 888 2756 hisce
905 2727 1080 2757 virtutibus
1096 2726 1259 2766 adjicitur,
1286 2728 1386 2759 efficit
1397 2733 1562 2760 ornatum.
1602 2727 1643 2759 R.
1690 2729 1788 2758 Hunc

401 2770 514 2802 locum
532 2772 596 2802 fide
613 2772 705 2803 MSS.
724 2773 759 2802 e't
773 2774 857 2811 optt.
876 2769 951 2800 cdd.
969 2770 1183 2803 restituimus.
1234 2771 1274 2802 Ο.
