2015 3341
493 80 555 116 ΒΕ
589 79 1064 116 §nortun-rumorum
1393 74 1478 118 337

91 175 198 223 tare,
228 180 274 214 et
290 170 475 229 impulsu
497 173 640 215 subito
658 173 854 229 spiritum
873 181 1092 223 excutere,
1113 178 1159 213 et
1179 169 1386 214 diducere
1399 185 1482 212 saez-

91 231 203 284 piUS,
233 240 278 271 et
317 231 448 286 plana
490 245 618 271 manu
661 231 924 285 resupinare,
957 231 1210 271 indecorum
1247 235 1333 270 est:
1378 241 1481 269 cum

88 287 309 328 emunctio
323 288 452 328 etiam
469 286 735 342 frequentior
753 301 840 328 non
855 288 947 328 sine
968 299 1097 328 eausa
1117 285 1478 341 reprehendatur.

90 341 231 384 Labra
251 352 297 385 et
318 344 596 400 porriguntur
624 343 752 395 male,
776 352 820 385 et
841 344 1112 393 scinduntur,
1134 351 1179 384 et
1199 342 1480 398 adstringun-

88 405 174 450 tur,
205 410 249 441 et
269 401 550 452 diducuntur,
581 408 625 441 et
648 401 801 442 dentes
823 400 1006 450 nudant,
1035 408 1080 442 et
1101 401 1144 440 in
1167 398 1277 440 latus
1294 414 1344 440 ac
1367 412 1478 455 pene

87 456 141 497 ad
160 471 304 498 aurem
324 457 566 508 trahuntur,
588 465 633 498 et
653 457 770 499 velut
791 457 980 513 quodam
999 457 1173 498 fastidio
1197 456 1478 512 replicantur,

88 521 134 554 et
176 514 382 569 pendent,
414 522 458 554 et
493 528 647 556 vocem
686 521 853 555 tantum
894 514 1031 555 altera
1069 522 1190 569 parte
1233 514 1478 554 dimittunta

88 570 297 611 Lambere
317 585 490 626 quoque
510 585 560 612 ea
576 579 620 611 et
640 572 854 621 mordere,-
886 571 1080 612 deforme
1104 579 1189 612 est:
1223 585 1322 611 cum
1345 570 1478 610 etiam

87 627 132 668 in
160 627 389 669 efferendis
422 629 562 669 verbis
595 628 792 669 modicus
824 642 973 669 eorum
1005 641 1096 669 esse
1127 627 1286 668 debeat
1315 635 1477 668 motus,

86 684 174 725 Ore
196 685 312 725 enim
343 685 481 739 magis
502 700 631 740 quam
665 685 796 725 labris
825 684 1092 739 loquendum
1120 692 1199 725 est.
1264 683 1478 726 cervicem

85 748 249 782 rectam
272 749 445 797 oportet
474 755 582 792 esse,
613 755 700 781 non
723 741 908 796 rigidam
930 750 1004 781 aut
1026 740 1239 796 supinam.
1300 740 1479 782 Collum

87 799 256 839 diversa
287 797 464 853 quidem
494 798 569 839 sed
609 798 700 853 pari
743 797 1022 839 deformitate
1053 806 1098 838 et
1133 797 1401 838 contrahitur
1432 804 1478 837 et

85 855 300 896 tenditur:
333 854 406 895 sed
443 865 564 895 tenso
593 856 741 895 subest
768 862 813 895 et
840 854 978 905 labor,
1009 861 1293 909 tenuaturque
1316 869 1402 895 vox
1425 862 1477 894 ao

85 911 307 967 fatigatur.
369 910 562 953 Affixum
600 911 766 966 pectori
805 919 998 952 mentum
1030 911 1173 951 minus
1214 910 1391 960 claram,
1432 918 1479 951 et

84 969 205 1024 quasi
228 968 425 1009 latiorem
448 982 593 1024 presso
614 976 790 1025 gutture
809 969 928 1010 facit.
975 967 1260 1009 Humerorum
1283 982 1378 1009 raro
1401 968 1479 1009 dea

85 1040 184 1067 cens
206 1025 408 1067 allevatio
430 1033 561 1081 atque
594 1026 834 1066 contractio
866 1034 952 1066 est:
987 1025 1205 1066 breviatur
1235 1026 1350 1066 enim
1384 1039 1480 1066 cer-

83 1084 172 1134 vix,
218 1090 262 1123 et
301 1090 472 1139 gestum
510 1082 744 1138 quemdam
784 1082 993 1124 humilem
1034 1089 1165 1137 atque
1205 1081 1401 1123 servilem
1433 1090 1480 1123 et

82 1140 201 1195 qnasi
227 1140 550 1181 fraudulentum
569 1140 692 1190 facit,
724 1154 824 1181 cum
848 1153 891 1179 se
913 1140 957 1180 in
979 1139 1177 1181 habitum
1198 1139 1477 1191 adulationis,

82 1197 396 1246 admirationis,
426 1204 581 1247 metus,
615 1197 796 1252 fingunt.
860 1195 1043 1237 Bracln'i
1059 1196 1284 1238 moderata
1304 1197 1478 1252 projece-

82 1255 143 1294 tio
167 1255 351 1295 remissis
374 1254 578 1304 humeris,
597 1261 725 1309 atque
745 1252 1067 1309 explicantibus
1081 1268 1125 1294 se
1151 1254 1193 1294 in
1216 1253 1478 1309 proferenda.

82 1325 213 1352 manu
238 1311 404 1368 digitis,
437 1311 669 1352 continuos
687 1318 730 1351 et
752 1311 1030 1352 decurrentes
1053 1310 1172 1352 locos
1190 1312 1381 1352 maxime
1398 1311 1476 1352 de-

81 1376 167 1409 cet.
226 1368 287 1409 At
308 1383 408 1410 cum
440 1368 674 1424 speciosius
707 1368 812 1423 quid
846 1369 1104 1423 uberiusque
1138 1368 1372 1409 dicendum
1395 1376 1477 1419 est,

81 1436 129 1467 ut
146 1424 269 1475 illud,
304 1425 420 1467 Saxa
445 1432 565 1479 atque.
585 1425 831 1465 solitudines
851 1424 944 1466 voci
966 1425 1242 1481 respondent.-
1276 1426 1476 1481 expatia-

80 1482 215 1523 turin
248 1483 374 1531 latus,
405 1489 450 1522 et
484 1482 575 1538 ipsa
606 1482 932 1536 quodammodo
962 1497 1005 1522 se
1037 1497 1136 1523 eum
1172 1489 1296 1538 gestu
1329 1483 1478 1524 fundit

81 1541 238 1581 oratio.
298 1539 460 1580 Manus
481 1553 599 1588 vero,
632 1539 722 1580 sine
755 1539 910 1594 quibus
946 1547 1098 1580 trunca
1129 1548 1242 1580 esset
1273 1540 1389 1580 actio
1422 1555 1475 1582 ac

79 1596 254 1648 debilis,
286 1598 359 1637 vix
390 1596 476 1637 dici
511 1603 655 1652 potest
686 1607 794 1651 quot
826 1604 970 1637 motus
1004 1595 1210 1646 habeant,
1243 1611 1341 1637 cum
1362 1610 1475 1653 pene

78 1653 216 1709 ipsam
259 1654 489 1695 verborum
533 1653 705 1708 copiam
749 1660 1076 1709 persequantur.
1144 1653 1256 1694 Nam
1299 1661 1474 1697 caeterae

77 1721 220 1766 partes
239 1711 489 1766 loquentem
508 1711 733 1766 adjuvant,
765 1710 831 1751 bae
855 1715 1009 1766 (prope
1026 1719 1093 1750 est
1111 1719 1161 1750 ut
1181 1710 1340 1763 dicam)
1366 1711 1473 1767 ipsae

77 1769 326 1823 loquuntur.
386 1767 455 1808 An
478 1781 563 1808 non
587 1767 654 1808 his
677 1768 921 1823 poscimus?
943 1766 1219 1823 pollicemur?
1244 1770 1475 1810 vocamus?

78 1824 361 1866 dimittimus?
404 1824 644 1865 minamur?
703 1824 1019 1880 supplicamus?
1059 1824 1386 1866 abominamur?
1419 1825 1474 1867 ti-

76 1883 269 1923 memus?
314 1882 653 1937 interrogamus?
691 1884 924 1937 negamus?
967 1881 1193 1937 gaudium,
1235 1882 1472 1935 tristitiam,

77 1938 414 1988 dubitationem,
447 1938 784 1989 confessionem,
817 1939 1134 1994 poenitentiam,
1165 1939 1362 1990 modum,
1396 1954 1474 1980 co-

76 1996 208 2052 piam,
242 2009 484 2046 numerum,
517 2006 685 2051 tempus
708 1996 998 2037 ostendimus?
1030 1995 1132 2037 Non
1160 1997 1326 2037 eaedem
1362 2011 1469 2038 cona—

76 2054 236 2094 citant?
267 2053 536 2109 supplicant?
568 2053 794 2095 inhibent?
826 2054 1038 2109 probant?
1068 2052 1361 2095 admirantur?
1393 2068 1470 2095 ve-

75 2110 390 2151 recundantur?
421 2110 522 2151 Non
547 2109 590 2150 in
621 2110 970 2152 demonstrandis
992 2110 1100 2150 locis
1123 2120 1251 2165 atque
1273 2112 1469 2167 personis

75 2166 380 2208 adverbiorum
412 2174 541 2222 atque
573 2168 882 2222 pronominum
915 2168 1117 2208 obtinent
1140 2168 1307 2210 vicem?
1339 2179 1387 2210 ut
1420 2169 1468 2212 in

76 2234 195 2266 tanta
217 2238 292 2280 per
313 2238 461 2264 omnes
475 2234 627 2279 gentes
642 2226 924 2281 nationesque
942 2225 1105 2280 linguae
1120 2223 1371 2266 diversitate
1392 2225 1467 2269 hic

75 2280 182 2322 mihi
217 2281 412 2322 omnium
446 2280 672 2323 hominum
694 2282 938 2323 communis
970 2296 1112 2322 sermo
1133 2282 1346 2324 videatur.
1408 2283 1468 2325 Et

73 2338 103 2378 ii
124 2337 317 2392 quidem,
346 2337 400 2378 de
418 2339 573 2392 quibus
596 2353 689 2380 sum
718 2339 905 2389 locutus,
937 2353 1033 2380 cum
1060 2339 1161 2394 ipsis
1191 2341 1369 2381 vocibus
1389 2355 1466 2382 na-

73 2394 266 2436 turaliter
287 2402 448 2435 exeunt
468 2402 630 2450 gestus.
688 2395 773 2437 Alii
792 2404 906 2445 sunt,
929 2396 1001 2450 qui
1027 2410 1090 2436 res
1112 2395 1358 2438 imitatione
1375 2399 1463 2454 sig-

72 2452 273 2502 nificant3
306 2460 354 2493 ut
375 2452 405 2492 si
431 2466 596 2507 aegrum
614 2454 820 2493 tentantis
837 2467 967 2494 venas
986 2452 1142 2493 medici
1161 2454 1461 2506 similitudine,

71 2517 148 2550 aut
169 2507 453 2549 citharoedum
478 2509 672 2550 formatis
701 2510 753 2551 ad
789 2510 966 2551 modum
1001 2511 1284 2564 percutientis
1307 2526 1461 2553 nervos

69 2565 270 2607 manibus
291 2564 516 2606 ostendas:
549 2567 664 2621 quod
688 2581 823 2622 genus
845 2581 974 2622 quam
1004 2566 1254 2621 longissime
1287 2568 1328 2608 in
1353 2569 1462 2609 acti-

70 2637 155 2663 one
176 2630 242 2662 est
271 2620 543 2677 fugiendum.
600 2623 765 2664 Abesse
783 2623 898 2664 enim
933 2622 1165 2679 plurimum
1200 2638 1225 2663 a
1257 2624 1462 2667 saltatore

72 2676 205 2720 debet
226 2688 385 2728 orator,
407 2687 454 2720 ut
476 2679 531 2719 sit
552 2687 698 2734 gestus
716 2680 768 2721 ad
788 2694 934 2721 sensus
952 2680 1090 2736 magis
1112 2695 1239 2735 quam
1257 2681 1308 2722 ad
1332 2682 1464 2723 verba

70 2736 447 2778 accommodatus:
465 2736 583 2792 quod
603 2737 733 2779 etiam
753 2737 1034 2779 histrionibus
1050 2737 1180 2793 paulo
1193 2739 1463 2794 gravioribus

765 2807 790 2834 z
