2015 3341
448 77 535 116 272
926 89 1024 120 LIB.
1058 89 1106 118 x.
1169 89 1277 119 cAP.
1309 90 1343 119 1.

449 167 708 219 sublimitas,
741 177 786 211 et
812 170 854 210 in
885 172 1113 213 affectibus
1133 181 1276 214 motus
1304 172 1460 222 omnis,
1491 179 1537 212 et
1564 171 1608 213 in
1640 166 1834 227 personis

450 223 580 265 decor
603 228 779 281 petitur,
811 230 1114 284 praecipueque
1136 231 1253 270 velut
1284 231 1431 270 attrita
1457 229 1712 283 quotidiano
1733 237 1833 267 actu

448 281 607 322 sorensi
628 284 799 338 ingenia
821 286 984 339 optime
1008 301 1146 325 rerum
1167 287 1316 327 talium
1345 286 1551 327 blanditia
1568 292 1832 339 reparantur.
1853 327 1857 329 ,

449 337 644 392 Ideoque
687 342 730 379 in
772 341 853 381 hac
893 341 1078 382 lectione
1111 343 1265 383 Cicero
1298 341 1652 398 requiescendum
1695 348 1833 395 putat.

449 393 783 436 Meminerimus
807 405 965 447 tamen,
996 412 1082 438 non
1118 413 1193 453 per
1215 400 1360 440 omnia
1387 409 1538 454 poetas
1559 412 1649 438 esse
1672 395 1833 437 oratori

448 453 716 505 sequend053
751 468 828 494 uec
863 456 1059 494 ubertate
1091 456 1335 506 verborum,
1369 470 1448 496 neo
1481 455 1655 494 licentia
1674 453 1833 509 figura-

447 521 564 558 1um3
591 520 814 564 totumque
834 511 938 551 illud
959 512 1197 552 studiorum
1212 527 1348 567 genus
1361 511 1641 552 ostentationi
1658 524 1834 565 compa·

446 574 604 614 ratum,
636 568 991 622 p1·aeie1·idquod
1022 568 1155 608 solam
1188 570 1295 623 petit
1321 568 1604 623 voluptatem,
1636 580 1863 620 eamques—

444 620 653 675 fingendo
676 624 887 663 nans-aisa
911 625 1040 664 modo
1058 625 1130 664 sed
1166 627 1295 666 etiam
1319 626 1518 680 quaedam
1544 623 1831 672 incredibilia,

449 685 655 727 sectatur,
688 682 929 734 patrocinio
954 696 1124 736 quoque
1147 682 1470 737 aliquojuvari3
1503 682 1635 736 quod,
1669 679 1832 734 alligati

447 735 502 774 nd
526 743 686 775 certam
726 738 883 792 pedum
907 741 1221 787 necessitatem,
1252 755 1338 780 non
1362 753 1530 794 semper
1564 737 1745 793 propriis
1769 735 1832 776 uti

444 792 627 847 possint,
660 794 732 833 sed
768 794 935 849 depulsi
958 810 982 835 a
1013 806 1130 836 recta
1150 797 1215 836 via
1234 798 1474 837 necessario
1510 795 1563 835 ad
1595 793 1831 849 eloquendi

447 848 647 902 quaedam
689 850 956 891 deverticula
996 851 1278 907 confugiant3
1312 868 1391 894 nec
1426 862 1590 892 mutare
1631 850 1832 905 quaedam

447 905 579 945 modo
596 908 743 956 verba,
775 908 847 948 sed
872 908 1123 959 extendere,
1157 911 1389 965 corripere,
1421 916 1689 957 convertere,
1720 907 1830 947 divi-

447 961 549 1002 dere
571 974 806 1018 cogantur:
837 980 915 1006 nos
938 980 1036 1005 vero
1055 975 1241 1006 armatos
1264 975 1374 1006 stare
1393 966 1435 1006 in
1454 967 1567 1015 acie,
1589 974 1632 1005 et
1654 963 1833 1005 summis

446 1018 503 1058 de
537 1019 664 1060 rebus
702 1021 948 1071 decernere,
979 1030 1023 1062 et
1057 1022 1111 1062 ad
1151 1024 1374 1063 victoriam
1412 1023 1508 1062 niti.
1571 1021 1724 1075 Neque
1746 1034 1830 1075 ego

446 1090 566 1116 arma
586 1077 778 1131 squalere
812 1079 892 1118 situ
927 1094 976 1119 ac
1009 1079 1209 1133 rubigine
1234 1080 1378 1128 velim,
1410 1079 1482 1118 sed
1521 1077 1733 1132 fulgorem
1766 1077 1830 1117 his

447 1132 603 1182 inesse,
628 1134 700 1188 qui
726 1143 903 1185 ter1·cat.;
929 1135 1066 1189 qualis
1088 1143 1152 1175 est
1170 1137 1284 1185 ferri,
1304 1151 1388 1191 quo
1409 1149 1529 1175 mens
1549 1133 1675 1174 simul
1700 1135 1832 1174 visus-

447 1204 531 1243 que
560 1191 882 1245 perstringitur-3
917 1207 1000 1232 non
1035 1192 1171 1246 qualis
1202 1195 1292 1233 auri
1322 1192 1592 1248 argentique,
1626 1190 1831 1242 imbellis,

445 1256 488 1286 et
507 1247 649 1301 potius
669 1246 842 1288 habenti
870 1248 1148 1303 periculosus,

504 1303 703 1344 Historia
723 1319 894 1359 quoque
927 1305 1038 1345 alere
1061 1306 1300 1346 orationem
1324 1305 1511 1362 quodam
1535 1303 1650 1345 molli
1669 1303 1831 1359 jucun-

447 1359 590 1414 doque
611 1375 740 1401 succo
773 1369 936 1416 potest:
970 1368 1115 1403 verum
1152 1371 1195 1404 et
1231 1364 1322 1419 ipsa
1358 1364 1418 1404 sic
1453 1370 1519 1402 est
1550 1361 1749 1416 legenda,
1783 1371 1832 1402 ut

446 1417 632 1457 sciamus
656 1417 878 1473 plerasque
900 1420 990 1474 ejus
1011 1420 1191 1460 virtutes
1219 1421 1378 1461 oratori
1401 1433 1491 1461 esse
1513 1419 1732 1459 vitandas:
1766 1425 1834 1458 est

445 1475 562 1514 enim
586 1475 784 1528 proxima
821 1476 974 1530 poetis,
1005 1485 1049 1516 et
1072 1477 1393 1532 quodammodo
1417 1490 1588 1517 carmen
1614 1475 1829 1526 solutum3

445 1539 490 1570 ct
507 1531 706 1572 scribitur
723 1533 773 1572 ad
800 1534 1074 1583 narrandum,
1099 1549 1181 1575 non
1200 1534 1250 1574 ad
1276 1533 1571 1589 probandum3
1605 1541 1831 1587 totumque

446 1602 556 1643 opus
587 1603 673 1628 non
708 1589 758 1629 ad
794 1598 937 1630 actum
972 1591 1031 1631 rei
1066 1605 1341 1646 pugnamque
1373 1597 1647 1647 praesentem,
1679 1589 1751 1629 sed
1775 1588 1832 1629 ad

447 1646 700 1686 memoriam
743 1647 1006 1702 posteritatis
1045 1658 1089 1688 et
1129 1648 1294 1703 ingenii
1336 1647 1495 1688 famam
1531 1646 1830 1702 componitur:

448 1701 632 1756 ideoque
674 1710 718 1742 et
753 1704 894 1744 verbis
945 1704 1217 1745 liberioribus
1259 1712 1302 1745 et
1338 1704 1643 1745 remotioribus
1682 1702 1831 1757 figuris

446 1758 645 1799 narrandi
689 1759 866 1800 taedium
907 1761 1056 1801 evitat.
1134 1761 1298 1816 ltaque,
1340 1768 1389 1801 ut
1429 1761 1537 1810 dixi,
1581 1774 1719 1814 neque
1755 1758 1832 1800 illa

446 1814 701 1856 Sallustiana
729 1816 928 1867 brevitas,
961 1833 1044 1872 qua
1074 1818 1182 1858 nihil
1213 1817 1325 1873 apud
1357 1832 1512 1858 vacuas
1546 1831 1667 1857 aures
1701 1823 1831 1871 atque

446 1872 636 1913 eruditas·
671 1881 814 1927 potest
847 1887 937 1913 esse
976 1874 1223 1929 perfectiuS,
1256 1874 1368 1930 apud
1408 1881 1667 1930 occupatum
1703 1873 1832 1914 variis

446 1930 788 1983 cogitationibus
814 1929 1027 1984 judicem,
1059 1942 1102 1971 et
1124 1933 1279 1986 saepius
1309 1931 1585 1977 ineruditum,
1615 1929 1832 1984 captanda

445 1986 570 2026 nobis·
604 1997 690 2036 est3
722 2001 861 2042 neque
896 1987 966 2027 illa
1001 1988 1111 2028 Livii
1146 1988 1283 2028 lactea
1313 1989 1484 2029 ubertas
1519 1987 1621 2027 satis
1654 1986 1832 2028 docebit

445 2057 560 2090 eum,
591 2044 664 2097 qui
701 2058 787 2083 non
821 2045 1006 2098 speciem
1043 2045 1345 2100 expositionis,
1378 2044 1451 2084 sed
1490 2044 1621 2084 fidem
1658 2043 1830 2098 quaerit.

444 2099 589 2148 Adde,
634 2100 750 2154 quod
796 2100 862 2141 M.
899 2100 1061 2141 Tullius
1101 2116 1155 2141 ne
1193 2101 1498 2156 Thucydidem
1539 2100 1715 2155 quidem
1756 2107 1832 2140 aut

446 2155 791 2212 Xenophontem
817 2157 941 2198 utiles
963 2158 1122 2198 oratori
1153 2166 1291 2213 putat,
1323 2172 1567 2213 quanquam
1589 2157 1713 2197 illum
1736 2156 1832 2197 bel-

443 2213 573 2253 licum
618 2228 787 2262 canere,
819 2213 947 2269 hujus
978 2229 1051 2254 ore
1086 2214 1235 2255 Musas
1266 2229 1357 2255 esse
1390 2215 1555 2254 locutas
1595 2214 1831 2256 existimet.

447 2271 571 2311 Licet
595 2277 734 2310 tamen
759 2271 882 2311 nobis
905 2271 946 2311 in
971 2272 1308 2325 digressionibus
1328 2272 1386 2312 uti
1407 2271 1472 2312 vel
1494 2271 1702 2311 historico
1719 2285 1832 2312 non-

442 2342 664 2381 nunquam
688 2328 844 2376 nitore,
876 2328 977 2368 (lum
1007 2326 1047 2368 in
1068 2329 1134 2378 iis,
1157 2329 1212 2368 de
1239 2329 1395 2384 quibus
1416 2328 1498 2368 erit
1517 2328 1709 2381 qim-stio,
1738 2341 1832 2368 me-

445 2385 696 2426 minerimus
724 2398 811 2424 non
846 2384 1105 2426 athletarum
1149 2394 1278 2435 toros,
1312 2385 1384 2425 sed
1423 2385 1606 2425 militum
1646 2383 1831 2425 lacertos

446 2456 560 2487 esse;
593 2455 674 2481 nec
697 2441 994 2482 versicolorem
1032 2442 1167 2490 illam,
1199 2458 1283 2497 qua
1317 2441 1563 2483 Demetrius
1596 2440 1831 2482 Phalereus

447 2499 672 2538 dicebatur
695 2498 774 2546 uti,
806 2505 965 2539 vestem
991 2500 1098 2539 bene
1122 2500 1172 2539 ad
1196 2500 1406 2539 forensem
1428 2498 1648 2554 pulverem
1671 2498 1829 2539 facere.

449 2555 525 2596 li<t
548 2562 592 2594 et
612 2553 720 2595 alius
739 2569 791 2595 ex
817 2555 1006 2596 historiis
1031 2570 1143 2604 usus,
1175 2564 1218 2596 et
1240 2556 1273 2595 is
1295 2555 1468 2611 quidem
1494 2555 1724 2603 maximus,
1754 2554 1830 2596 sed

448 2627 534 2652 non
553 2611 604 2651 ad
632 2622 886 2666 praesentem
909 2613 1125 2667 pertinens
1149 2613 1310 2662 locum,
1339 2627 1393 2653 ex
1414 2611 1666 2667 cognitione
1688 2625 1830 2653 rerum

446 2668 850 2723 exemplorumque,
882 2669 1037 2723 quibus
1072 2670 1281 2725 imprimis
1310 2670 1540 2710 instructus
1568 2682 1659 2709 esse
1700 2669 1832 2708 debet

444 2734 605 2776 orator,
638 2739 690 2766 ne
713 2727 860 2768 onmia
880 2726 1127 2769 testimonia
1145 2733 1323 2785 expetat
1342 2741 1366 2768 a
1381 2725 1617 2784 litigatore,
1640 2724 1712 2766 sed
1736 2724 1830 2784 ple-
