2015 3341
592 125 656 170 ωε
684 102 1103 157 PssuspxcmTA-rn.
1455 116 1542 156 208

156 219 275 275 quod
298 218 382 261 hoc
403 218 535 261 etiam
564 219 731 263 laudari
766 222 899 263 modo
932 221 1057 270 solet,
1089 225 1136 260 ut
1157 215 1329 275 proprie
1361 217 1547 268 dictum,

160 276 205 319 id
239 287 319 327 est,
351 292 436 332 quo
465 278 573 318 nibil
608 279 790 320 inveniri
823 280 958 335 possit
990 277 1329 332 significantius:
1362 283 1409 316 ut
1433 275 1545 318 Cato

160 333 289 383 dixit,
322 333 375 374 C.
396 334 603 376 Caesarem
635 336 687 376 ad
722 336 1000 377 evertendam
1032 332 1342 388 rempublicam
1362 332 1548 375 sobrium

161 391 415 431 accessisse:
449 402 496 432 ut
519 392 739 447 Virgilius,
770 391 1012 434 Deductum
1036 390 1223 441 carmem
1255 399 1298 430 et
1320 389 1548 440 Horatius,

163 448 318 488 Acrem
337 447 505 498 tibiam,
537 448 907 504 Hannibalemque
926 449 1080 488 dirum.
1116 479 1126 488 .
1188 446 1367 489 Interim
1386 454 1550 497 autem,

164 518 260 557 quae
285 512 384 544 sunt
417 505 458 544 in
483 520 654 560 quoque
683 520 841 561 genere
857 505 1093 561 praecipnc13
1125 505 1289 559 proprii
1310 504 1453 545 locum
1478 518 1549 544 ac·-

163 560 350 615 cipiunt‚
381 571 428 601 ut
469 562 641 611 Fabius,
685 564 797 603 inter
835 564 975 617 plures
1018 561 1317 618 imperatoi·ias
1356 562 1552 610 virtutes,

167 615 402 658 Cunctator
425 627 488 658 est
531 618 788 674 appellatus.
861 618 1049 658 Possunt
1089 617 1224 657 videri
1266 617 1412 667 verba,
1453 632 1551 672 quae

163 672 262 730 plus
285 674 531 728 significant
559 689 686 729 quam
709 675 988 729 eloquuntur,
1021 675 1062 714 in
1087 681 1207 728 parte
1231 675 1432 729 ponenda
1454 688 1553 734 per-

166 730 432 785 spicuitatis:
466 731 735 773 intellectum
756 733 872 771 enim
889 730 1119 786 adjuvant:
1144 743 1227 784 ego
1245 741 1388 771 autem
1411 731 1552 778 liben-

165 786 251 828 tius
274 786 485 842 emphasin
514 788 734 828 retulerim
770 788 822 828 ad
859 795 1057 827 ornatum
1088 787 1311 836 orationis,
1343 787 1444 842 quia
1466 801 1556 830 non

165 853 215 884 ut
236 843 505 899 intelligatur
522 844 670 893 efficit,
702 843 775 885 sed
799 851 846 885 ut
868 843 963 899 plus
981 842 1265 898 intelligatur.

223 899 283 940 At
300 900 538 942 obscuritas
556 901 604 942 fit
621 901 750 941 etiarn
770 902 911 942 verbis
929 901 983 941 ab
1002 914 1076 940 usu
1097 900 1296 940 remotis:
1319 906 1367 941 ut
1383 900 1416 941 si
1434 915 1556 950 com·

165 957 400 997 mentarios
419 959 513 1012 quis
529 958 803 1014 pontificum,
823 965 868 998 eL
883 956 1173 997 vetustissima
1189 956 1365 1007 lbedera,
1389 966 1432 999 et
1449 972 1556 999 exo-

165 1012 278 1056 letos
301 1022 512 1055 scrutatus
540 1023 752 1065 auctores,
783 1014 826 1055 id
862 1015 1003 1070 ipsum
1037 1020 1156 1071 petat
1190 1028 1244 1054 ex
1278 1015 1356 1064 eis,
1389 1022 1436 1056 ut
1457 1030 1556 1070 quae

168 1070 270 1113 inde
293 1072 558 1114 contraxerit
590 1087 676 1116 nou
711 1071 1032 1127 intelligantur:
1066 1069 1168 1111 hinc
1201 1071 1315 1111 enim
1339 1071 1470 1128 aliqui
1494 1073 1557 1113 fa-

168 1141 285 1168 mam
306 1128 561 1169 eruditionis
590 1130 812 1179 affectant,
844 1137 891 1170 ut
913 1128 1113 1184 quaedam
1137 1127 1217 1168 soli
1246 1128 1355 1169 scire
1379 1130 1558 1170 videam*

170 1191 253 1225 tur.
326 1184 500 1226 Fallunt
537 1187 668 1227 etiam
707 1188 853 1236 verba,
899 1184 968 1226 vel
1009 1185 1260 1240 regionibus
1299 1187 1559 1240 quibusdam

170 1241 307 1297 magis
349 1242 593 1293 familiaria,
625 1242 691 1284 vel
729 1244 885 1284 artium
925 1242 1118 1298 propria3
1161 1250 1209 1282 ut
1245 1245 1311 1294 (l)
1343 1243 1561 1286 Atabulus

171 1308 341 1348 ventuS,
373 1307 417 1340 et
438 1300 557 1340 navis
583 1303 644 1353 (Q)
670 1299 892 1349 Saccarz‘a,
923 1307 981 1348 et,
1016 1299 1058 1339 in
1077 1297 1241 1340 malaco
1261 1314 1436 1341 sanum:
1461 1316 1560 1356 quae

173 1356 239 1397 vel
259 1355 435 1397 vitanda
456 1357 568 1413 apud
584 1357 781 1413 judicem
801 1357 996 1412 ignarum
1015 1355 1381 1411 significationum
1399 1372 1562 1410 earum,

172 1413 242 1453 vel
265 1414 589 1469 interpretanda
616 1422 736 1455 sunt:
770 1414 881 1455 sicut
913 1414 957 1454 in
991 1412 1058 1453 his
1091 1427 1188 1467 quae
1220 1412 1461 1470 homonyma
1494 1415 1562 1456 di-

173 1478 353 1521 cuntur-3
385 1478 432 1511 ut
457 1470 633 1521 Taurus,
665 1471 826 1512 animal
858 1471 929 1520 sitj
961 1484 1016 1510 an
1051 1484 1192 1520 mom,
1223 1484 1276 1510 an
1310 1472 1482 1526 signum
1516 1472 1563 1514 in

174 1526 308 1576 coelo,
337 1542 391 1568 an
424 1542 581 1569 nomen
616 1528 818 1578 hominis,
849 1542 902 1567 an
929 1530 990 1580 (3)
1014 1527 1136 1567 radix
1158 1527 1338 1576 arboris,
1368 1528 1450 1568 nisi
1475 1528 1564 1569 dis.

175 1584 377 1633 tinctum,
403 1598 490 1625 non
516 1585 789 1640 intelligitur.
851 1584 953 1624 Plus
972 1591 1114 1625 tamen
1133 1591 1198 1624 est
1222 1584 1497 1626 obscuritatis
1520 1587 1566 1627 in

174 1648 386 1681 contextu
422 1647 468 1681 et
506 1642 835 1686 continuatione
875 1640 1102 1690 sermonis,
1151 1648 1195 1680 et
1235 1640 1378 1696 plures
1419 1643 1563 1684 modi:

175 1711 306 1752 quare
328 1712 408 1738 nec
425 1698 480 1739 sit
503 1706 589 1739 tam
611 1698 781 1754 longus,
814 1707 862 1739 ut
883 1712 981 1737 eum
1015 1697 1213 1753 prosequi
1232 1712 1316 1738 non
1341 1699 1476 1753 possit
1499 1700 1565 1740 in-

176 1754 338 1805 tenti03
371 1768 451 1796 nec
473 1756 726 1811 trajectione
745 1763 831 1796 tam
849 1754 1012 1804 tardus,
1043 1761 1091 1794 ut
1114 1754 1155 1794 in
1175 1754 1447 1810 hyperbaton
1469 1756 1566 1798 finis

176 1811 214 1866 ej
223 1826 269 1852 us
285 1811 523 1854 differatur.
555 1813 725 1859 Quibus
742 1813 885 1856 adhuc
903 1812 1025 1868 pejor
1042 1818 1108 1852 est
1123 1811 1302 1853 mistura
1318 1813 1565 1865 verborum,

177 1868 318 1930 qualis
339 1869 381 1911 in
406 1869 482 1911 illo
500 1884 646 1914 versu:

292 1975 410 2023 Saxa
432 1984 586 2022 vocant
607 1977 734 2029 Itali,
755 1977 901 2019 mediis
923 1992 1014 2033 qua>
1035 1976 1312 2033 inflactibus,
1335 1991 1450 2019 aras,

142 2092 146 2097 '
180 2084 324 2129 Etiam
348 2089 667 2146 interjectione,
699 2103 784 2146 qua
805 2095 850 2128 et
870 2097 1060 2129 oratores
1083 2095 1128 2128 et
1147 2087 1343 2128 historici
1368 2085 1569 2143 frequen·

180 2151 246 2187 ter
268 2155 462 2196 utuntur,
493 2158 540 2189 ut
561 2148 708 2189 medio
736 2160 933 2187 sermone
955 2145 1145 2200 aliquem
1169 2146 1360 2189 inserant
1381 2159 1570 2197 sensum,

182 2200 382 2257 impediri
415 2204 528 2245 solet
560 2204 820 2252 intellectus,
852 2203 934 2243 nisi
969 2202 1086 2257 quod
1122 2203 1412 2257 interponitur
1442 2203 1572 2244 breve

183 2268 269 2300 est:
301 2274 400 2301 nam
422 2260 627 2317 Virgilius
649 2261 725 2303 illo
747 2261 860 2311 loeo,
891 2274 976 2316 quo
998 2258 1166 2317 pullum
1183 2259 1390 2314 equinum
1410 2259 1569 2303 deseris»

183 2313 264 2367 bit,
293 2331 394 2361 cum
410 2317 607 2371 dixisset,

528 2405 617 2449 Nec
639 2421 765 2449 vanos
785 2407 928 2448 horret
948 2405 1221 2462 strepitus,—

234 2504 286 2544 (1)
305 2506 433 2536 Nomen
449 2502 617 2541 proprium
637 2503 735 2539 venti,
763 2502 820 2543 qui
835 2501 990 2541 Apuliam
1007 2499 1165 2531 infestat:
1190 2500 1264 2531 vide
1277 2501 1391 2532 Horat.
1407 2501 1428 2531 l.
1460 2504 1486 2532 1.
1507 2503 1574 2535 Sat.

188 2556 222 2588 ὄν
243 2565 274 2588 v,
289 2557 341 2587 78.
368 2549 438 2584 ἀπὸ
456 2550 498 2585 rra}
518 2546 601 2587 ἄτην
620 2546 772 2590 βάλλειν.

236 2599 288 2638 (2)
314 2601 394 2631 Quae
409 2610 522 2630 saccos
537 2600 620 2631 sert:
647 2599 699 2628 vel
717 2608 791 2639 quae
808 2599 912 2630 saccis
927 2598 993 2629 fert
1009 2597 1135 2637 species
1153 2596 1363 2628 aromaticas.
1410 2596 1473 2627 Alii
1491 2596 1577 2627 refe-

190 2649 269 2674 runt
282 2644 380 2674 etiam
393 2645 435 2674 ad
449 2653 575 2678 saecat,
623 2641 716 2672 Turn.

239 2687 291 2727 (13)
319 2688 413 2717 Hunc
438 2688 559 2724 Iocum,
583 2695 647 2716 non
663 2686 813 2716 omnibus
837 2685 1054 2722 intellectum,
1078 2693 1199 2724 parum
1216 2682 1372 2720 modeste
1386 2687 1577 2716 tractarunt

190 2730 442 2774 ingeniosissimi
455 2731 525 2767 viri.
571 2730 645 2761 Vid.
658 2730 755 2761 Gesn·
771 2735 838 2761 not.
853 2730 884 2761 in
901 2730 1021 2763 locum.
1050 2727 1084 2761 O.
1223 2726 1225 2732 '
