2015 3341
589 99 651 128 m:
686 98 887 127 cauam:
923 96 1159 128 menum.
1486 88 1570 129 379

185 198 433 244 corruptum
455 188 630 231 dicendi
654 203 805 244 genus,
820 187 937 243 quod
959 195 1034 228 aut
1057 189 1283 228 verborum
1308 186 1483 228 licentia
1505 201 1572 228 re-

187 246 335 295 sultat„
367 254 441 286 aut
473 246 706 301 puerilibus
729 245 999 286 sententiolis
1026 244 1210 292 lascivit,
1241 256 1314 284 aut
1336 245 1571 285 immodico

187 307 356 343 tumore
373 303 594 358 turgescit,
610 313 682 344 aut
704 302 902 342 inanibus
923 301 1028 342 locis
1044 300 1294 351 bacchatur,
1309 312 1382 341 aut
1397 301 1572 349 casuris,

188 359 220 397 si
246 358 396 399 leviter
418 361 710 407 excutiantur,
740 359 927 399 flosculis
956 358 1080 408 nitet,
1114 365 1188 398 aut
1217 358 1460 412 praecipitia
1495 371 1571 412 pro

187 415 445 457 sublimibus
468 416 616 466 habet,
647 423 721 455 aut
742 415 885 470 specie
906 413 1118 454 libertatis
1141 414 1313 463 insanit,
1345 417 1482 468 inagis
1499 428 1576 454 ex-

189 470 381 513 istiment
398 472 606 529 populare
628 479 756 526 atque
774 470 1017 526 plausibile.
1050 469 1180 515 Quod
1204 470 1378 524 quidem
1403 470 1573 525 placere

187 528 350 577 multis,
383 544 462 570 uec
502 528 679 576 infitior,
710 542 791 567 nec
828 523 980 567 miror:
1023 537 1088 567 est
1127 526 1242 566 enim
1272 527 1469 582 jucunda
1511 529 1574 578 (1)

187 585 378 635 auribus,
410 601 459 626 ac
479 583 743 633 favorabilis,
766 583 1074 637 qualiscunque
1097 582 1365 637 eloquentia3
1389 593 1432 624 et
1456 582 1579 624 ducit

187 642 354 682 animos
377 641 560 683 naturali
595 640 815 695 voluptate
834 653 918 680 vox
941 639 1099 689 omnis,
1134 654 1272 694 neque
1304 640 1478 682 aliunde
1511 639 1575 680 illi

189 711 263 752 per
286 698 377 738 fora
399 706 528 753 atque
550 711 754 753 aggerem
777 696 946 737 circuli.
1007 695 1107 742 Quo
1139 696 1279 736 minus
1308 698 1463 738 mirum
1493 703 1578 746 est,

187 754 301 810 quod
321 755 428 795 nulli
449 769 533 795 non
555 754 777 809 agentium
800 759 948 807 parata
962 752 1076 807 vulgi
1097 767 1257 793 corona
1277 761 1362 794 est:
1388 754 1458 795 ubi
1475 767 1575 793 vero

186 811 289 865 quid
334 811 590 866 exquisitius
632 809 796 849 dictum
840 808 1002 849 accidit
1042 809 1217 849 auribus
1258 810 1575 865 imperitorum,

188 867 485 923 qualecunque
515 866 575 917 id,
607 867 723 921 quod
755 865 886 905 modo
905 879 949 905 se
971 865 1050 920 ipsi
1074 870 1198 920 posse
1221 865 1466 921 desperent,
1499 867 1575 907 ha-

187 924 262 965 bet
275 924 632 965 admirationem:
659 937 796 977 neque
819 922 1058 973 iinmerit03
1082 937 1180 962 nam
1198 937 1252 963 nc
1271 923 1372 964 illud
1398 924 1576 978 quidem

186 980 312 1023 facile
333 991 412 1022 est.
472 981 557 1022 Sed
579 987 843 1021 evanescunt
857 978 954 1020 haec
971 990 1100 1035 atque
1118 980 1386 1022 emoriuntur
1400 995 1576 1037 compa-

187 1038 354 1083 ratione
372 1037 625 1079 meliorum:

305 1150 362 1192 Ut
383 1150 483 1192 lana
507 1148 759 1204 timrtaficco
781 1148 889 1191 citra
905 1165 933 1206 p
986 1165 1140 1206 puram
1156 1150 1329 1207 placet,-

301 1209 382 1257 At,
414 1209 449 1249 si
471 1207 696 1249 contuleris
717 1206 845 1246 etiam
860 1207 1071 1259 Lacaeuoe,

303 1265 537 1323 Conspectu
556 1263 743 1306 melioris
763 1262 987 1315 obruatur,

186 1387 235 1420 ut
259 1377 442 1420 Ovidius
461 1378 535 1420 ait.
597 1378 641 1420 Si
665 1393 766 1421 vero
781 1377 997 1435 judicium
1019 1377 1085 1419 his
1106 1377 1319 1433 corruptis
1341 1378 1478 1419 acrius
1500 1379 1577 1420 ad-

187 1435 353 1485 hibeas‚
386 1444 434 1476 ut
455 1438 518 1488 (⁴2)
543 1436 718 1477 buccini
752 1450 998 1493 purpuram,
1022 1437 1115 1491 jam
1150 1435 1272 1485 illud,
1306 1436 1421 1490 quod
1451 1436 1577 1477 fefel-

187 1491 311 1541 lerat,
342 1500 472 1534 exuat
491 1493 721 1534 mentitum
744 1493 951 1542 colorem,
983 1500 1027 1533 et
1047 1491 1233 1547 quadarn
1252 1492 1323 1532 vix
1344 1493 1576 1535 enarrabili

189 1548 382 1590 foeditate
403 1549 624 1604 pallescat.
686 1550 850 1591 Luceat
870 1551 1002 1606 igitur
1026 1549 1120 1589 lizec
1142 1550 1249 1589 citra
1271 1549 1421 1600 solem,
1454 1561 1501 1591 ut
1530 1558 1577 1591 et

187 1606 379 1660 quaedam
413 1607 572 1662 exigua
602 1607 804 1648 animalia
837 1606 1015 1662 igniculi
1052 1605 1253 1646 videntur
1289 1606 1331 1646 in
1369 1607 1575 1649 tenebris.

189 1662 408 1719 Denique,
450 1662 565 1704 mala
605 1664 727 1704 multi
769 1665 970 1720 probant,
1013 1677 1140 1703 nemo
1186 1663 1404 1718 improbat
1445 1664 1575 1706 bona.

191 1719 346 1776 Neque
368 1734 468 1761 vero
497 1721 642 1760 omnia
672 1721 766 1771 ista,
797 1721 851 1762 de
878 1720 1035 1776 quibus
1067 1719 1200 1760 locuti
1237 1734 1398 1770 sumus,
1429 1730 1576 1761 orator

188 1778 354 1832 optime
376 1784 560 1827 tantuin,
592 1777 665 1817 sed
701 1778 831 1821 etiam
864 1777 1069 1818 facillime
1104 1775 1255 1817 faciet:
1290 1791 1429 1832 neque
1457 1778 1575 1819 enirn

189 1834 254 1874 vis
277 1848 443 1874 summa
461 1834 634 1874 dicendi
657 1842 722 1875 est
741 1834 1027 1875 admiratione
1051 1833 1199 1888 digua,
1219 1833 1250 1873 si
1270 1833 1422 1874 infelix
1442 1849 1576 1890 usque

188 1890 243 1932 ad
264 1890 460 1933 ultimum
492 1890 725 1932 solicitudo
762 1891 1046 1947 persequitur,
1076 1905 1126 1931 ac
1149 1900 1361 1931 oratorem
1387 1900 1578 1933 macerat

188 1954 234 1987 et
255 1948 419 2003 coquit,
445 1962 558 2003 aegre
580 1948 711 1989 verba
733 1955 986 1997 vertentem,
1019 1955 1064 1987 et
1097 1947 1412 2003 perpendendis
1445 1963 1577 2004 coag-

185 2005 516 2059 mentandisque
534 2005 594 2045 eis
612 2005 969 2047 intabescentem.
1002 2004 1178 2044 Nitidus
1196 2003 1287 2053 ille,
1303 2012 1346 2044 et
1361 2005 1576 2054 sublimis,

191 2069 236 2101 et
265 2061 473 2117 locuples‘‚
505 2062 904 2103 circumfluentibus
926 2060 1118 2115 undique
1146 2061 1406 2116 eloquentiae
1440 2063 1578 2118 copiis·

191 2118 386 2174 imperat.
446 2118 620 2159 Desinit
640 2120 755 2160 enim
790 2119 832 2159 in
864 2118 1044 2159 adversa
1072 2119 1168 2166 niti,
1198 2118 1272 2172 qui
1305 2119 1503 2175 pervenit
1534 2121 1578 2162 in

193 2189 426 2216 summum.
498 2175 733 2217 Scandeuti
776 2176 891 2217 circa
929 2175 1015 2215 ima
1055 2174 1179 2215 labor
1218 2182 1305 2226 est3
1352 2187 1577 2228 caeterum,

193 2240 400 2286 quantun]
425 2233 696 2287 processeris,
728 2232 951 2273 mollietur
985 2231 1139 2281 clivus,
1167 2239 1214 2272 et
1245 2231 1386 2273 laetius
1415 2232 1577 2275 solum:

194 2296 254 2338 et,
285 2289 318 2329 si
341 2288 437 2330 haec
459 2303 630 2344 quoque
651 2289 746 2345 jam
768 2289 905 2330 lenius
927 2289 1080 2344 supina
1102 2290 1472 2343 perseverantibus
1492 2301 1580 2331 siu-

195 2345 277 2386 diis
312 2345 512 2395 evaseris,
554 2345 656 2386 inde
697 2346 860 2387 fructus
895 2345 1114 2387 illaborati
1155 2344 1344 2386 offerunt
1384 2360 1491 2395 sese,
1535 2355 1580 2389 et

195 2403 342 2444 omnia
370 2409 522 2458 sponte
551 2402 833 2457 proveniunt:
866 2417 963 2458 quae
992 2410 1135 2443 tamen
1158 2402 1371 2456 quotidie,
1401 2403 1480 2443 nisi
1503 2403 1579 2444 de-

196 2467 440 2514 cerpantur,
471 2466 684 2500 arescunt.
743 2460 828 2501 Sed
862 2468 906 2500 et
938 2459 1066 2514 copia
1096 2459 1229 2499 habet
1249 2460 1454 2509 modum3
1488 2461 1579 2502 sine

197 2530 283 2572 quo
319 2515 427 2557 nihil
459 2529 539 2557 nec
571 2514 804 2569 laudabile,
836 2531 918 2558 nec
951 2516 1133 2558 salutare
1163 2526 1250 2566 θεῖς
1281 2523 1326 2557 et
1359 2517 1472 2557 nitor
1506 2517 1578 2559 ille

244 2659 291 2697 (1)
317 2659 368 2688 xta
385 2657 447 2695 leg.
465 2666 529 2687 non
544 2656 622 2693 auri,
645 2658 684 2685 ut
700 2656 797 2685 Gesn.
817 2655 901 2695 conj.
928 2654 962 2685 Ο.

243 2704 295 2741 (2¹)
321 2701 487 2776 Βησεὶγᾶηιη
502 2706 600 2742 vocat
614 2699 780 2742 quoddam
794 2709 898 2739 genus
915 2700 1057 2738 conehae,
1073 2709 1114 2732 ex
1131 2710 1198 2742 quo
1214 2700 1353 2741 tingitur
1363 2700 1453 2732 color
1469 2701 1585 2734 similis

199 2754 370 2786 purpura).
446 2754 513 2777 um.
