2015 3341
347 93 410 130 δε
437 89 732 130 rAcutTA'TE
760 87 973 127 DICENDI
1002 90 1066 124 Ex
1091 93 1345 124 TEMPORE.
1471 82 1553 123 305

153 177 266 230 vela,
285 189 329 221 et
352 182 630 238 disponemus
652 180 871 229 rudentes,
894 185 937 218 et
958 176 1126 232 impleri
1149 175 1264 217 sinus
1283 173 1545 229 optabimus.

153 235 207 280 Id
242 239 401 293 potius,
434 254 561 294 quarn
593 253 638 279 se
672 239 788 278 inani
821 237 1050 276 verborum
1084 233 1262 274 torrenti
1293 231 1395 272 dare
1422 229 1546 286 quasi

154 296 484 350 tempestatibus
507 309 592 351 quo
616 294 764 335 volent
784 292 1084 334 auferendum.

211 351 296 392 Sed
326 366 412 393 non
444 353 609 394 minore
630 350 774 392 studio
797 350 1045 391 continetur
1066 346 1154 388 haec
1181 343 1380 396 facultas,-
1412 358 1544 399 quam

151 418 340 463 paratur.
399 408 481 449 Ars
514 409 629 450 enim
662 406 796 448 semel
828 412 1034 461 percepta
1068 417 1155 444 non
1191 403 1372 443 labitur:
1405 401 1544 456 stylus

150 478 323 518 quoque
347 464 663 506 intermissione
692 463 868 519 paulum
889 459 1125 503 admodum
1145 459 1200 500 de
1220 458 1445 500 celeritate
1465 458 1544 498 de·-

152 521 318 575 perdit:
353 529 571 576 promtum
606 521 703 571 hoc,
735 530 778 560 et
799 520 842 560 in
863 519 1070 574 expedito
1090 517 1297 573 positum,
1327 515 1544 556 exercita-

151 577 272 618 tione
293 577 385 618 sola
406 579 667 618 continetur.
729 577 826 618 Hac
849 578 909 617 uti
932 576 993 616 sie
1020 575 1233 630 optimum
1256 579 1336 622 est,-
1367 579 1415 612 ut
1435 586 1546 627 quo-

151 632 260 675 tidie
293 634 485 675 dicamus
517 633 794 675 audientibus
828 632 1035 688 pluribus,
1068 631 1255 672 maxime
1283 629 1337 669 de
1359 643 1544 683 quorum

152 689 483 745 sumusjudicio
504 705 554 732 ac
573 691 776 746 opinione
799 689 984 729 soliciti:
1016 701 1155 728 rarum
1168 694 1244 726 est
1260 686 1375 725 enim
1399 693 1446 725 ut
1477 699 1545 725 sa-

150 747 205 787 tis
227 762 271 787 se
292 748 514 802 quisquam
539 757 755 788 vereatur:
789 745 857 786 vel
881 744 960 785 soli
991 753 1134 784 tamen
1157 741 1350 782 dicamus
1377 741 1540 797 potius,

150 817 282 858 quam
313 818 399 844 non
437 804 617 844 omnino
650 804 859 844 dicamus.
922 801 999 842 Est
1031 800 1117 840 alia
1141 798 1395 840 exercitatio
1418 799 1542 854 cogie-

151 860 290 910 tandi‚
322 870 520 915 totasque
544 860 744 901 materias
775 858 844 899 vel
878 857 1051 898 silentio
1085 855 1208 908 (dum
1244 863 1388 895 tamen
1418 854 1541 909 quasi

150 915 269 957 dicat
286 917 396 958 intra
414 930 457 957 se
480 917 641 972 ipsum)
663 914 965 972 persequendi,
996 927 1094 969 quae
1113 912 1234 953 nullo
1258 926 1343 952 non
1365 921 1409 953 et
1431 919 1545 952 tem-

149 988 255 1030 pore
278 981 322 1014 et
340 973 453 1022 loco,
483 974 658 1029 quando
680 986 767 1014 non
790 972 906 1012 aliud
926 971 1111 1027 agimus,
1142 968 1351 1024 explicari
1374 975 1542 1024 potest:

151 1037 196 1070 et
212 1031 335 1071 estin
354 1038 475 1086 parte
497 1030 646 1072 utilior
662 1043 791 1086 quam
807 1028 902 1070 haec
919 1027 1140 1084 proxima:
1159 1026 1411 1080 diligentius
1424 1025 1544 1066 enim

150 1088 443 1143 componitur,
474 1102 602 1143 quam
625 1086 714 1138 illa,
746 1086 788 1127 in
808 1100 893 1141 qua
915 1092 1169 1126 contextum
1201 1082 1375 1123 dicendi
1407 1082 1542 1122 inter-2

151 1144 324 1185 mittere
348 1158 565 1185 veremur:
598 1158 739 1185 rursus
762 1142 816 1183 ad
848 1142 933 1183 alia
950 1142 1066 1197 prior
1087 1140 1182 1196 plus
1204 1139 1390 1188 confert,
1422 1139 1543 1181 vocis

152 1200 420 1251 firmitatem,
451 1202 536 1242 oris
557 1201 829 1250 facilitatem,-
864 1207 1032 1240 motum
1054 1197 1264 1252 corporis,
1285 1197 1358 1251 qui
1374 1195 1542 1251 etipse,

150 1266 200 1298 ut
241 1257 350 1308 dixi,
382 1258 548 1299 excitat
586 1267 819 1306 oratorem,
862 1263 907 1296 et
940 1254 1182 1310 jactatione
1219 1268 1387 1303 mamm,
1420 1253 1541 1307 pedis

149 1314 446 1371 supplosione,
475 1314 586 1356 sicut
602 1314 740 1356 cauda
758 1313 902 1354 leones
923 1312 1062 1353 facere
1084 1311 1304 1360 dicuntur,
1325 1309 1538 1350 hortaturn

148 1370 422 1413 studendum
458 1386 559 1413 vero
587 1386 770 1428 semper,
803 1378 846 1411 et
880 1369 1056 1424 ubique.
1118 1368 1272 1423 Neque
1306 1366 1420 1408 enim
1451 1366 1542 1408 fere

149 1435 239 1469 tam
267 1436 333 1470 est
359 1428 470 1470 ullus
503 1428 594 1469 dies
627 1435 878 1484 occupatus,
909 1434 958 1467 ut
989 1425 1098 1468 nihil
1133 1429 1198 1477 (1)
1223 1424 1460 1474 lucrativae,
1492 1432 1542 1464 ut

150 1484 305 1526 Cicero
329 1485 512 1526 Brutum
540 1485 682 1527 facere
708 1485 854 1534 tradit,
886 1497 1030 1539 operae
1053 1482 1107 1523 ad
1142 1481 1434 1530 scribendum,
1465 1489 1541 1521 aut

152 1542 208 1583 ad
237 1542 490 1599 legendum,-
522 1550 596 1583 aut
630 1542 683 1583 ad
720 1540 971 1590 dicendum,
1011 1539 1105 1595 rapi
1140 1538 1286 1593 aliquo
1316 1548 1538 1579 momento

149 1600 355 1656 temporis
377 1601 527 1655 possit.
587 1599 811 1654 Siquidem
847 1598 898 1639 C.
923 1597 1066 1638 Carbo
1097 1595 1229 1636 etiam
1259 1596 1301 1636 in
1338 1596 1540 1636 taberna-

150 1656 250 1697 culo
272 1656 440 1698 solebat
469 1656 548 1698 hac
581 1657 643 1697 uti
677 1655 990 1698 exercitatione
1023 1653 1214 1694 dicendi.
1275 1651 1344 1692 Ne
1377 1651 1418 1692 id
1443 1652 1540 1706 qui-2·

149 1713 250 1755 dem
273 1714 502 1755 tacendum
524 1720 605 1764 est,
634 1713 751 1768 quod
786 1712 927 1754 eidem
963 1710 1162 1751 Ciceroni
1200 1708 1344 1764 placet
1369 1707 1539 1750 nullum

146 1778 342 1812 nostrum
372 1785 550 1826 usquam
586 1770 883 1825 negligentem
903 1782 995 1809 esse
1025 1781 1290 1807 sermonem:
1324 1764 1538 1820 quidquid

117 1826 390 1884 ‘loquemun
422 1828 686 1882 ubicunque,
717 1827 772 1867 sit
805 1840 882 1882 pro
905 1840 980 1865 sua
1011 1823 1178 1865 scilicet
1211 1822 1410 1879 portione
1444 1837 1541 1878 per-

146 1884 325 1927 fectum.
386 1883 671 1925 Scribendum
713 1891 830 1924 certe
869 1896 1088 1937 nunquam
1120 1888 1186 1921 est
1224 1879 1377 1934 magis,
1407 1894 1539 1933 quam

147 1956 249 1983 curn
280 1941 419 1984 multa
451 1941 644 1983 dicemus
676 1955 730 1981 ex
766 1953 975 1995 tempore.
1038 1937 1107 1979 Ita
1140 1938 1256 1977 enim
1298 1937 1542 1978 servabitur

147 1997 333 2056 pondus,
366 2006 410 2040 et
429 2002 495 2051 (²2)
517 1999 715 2040 innatans
744 1997 816 2038 illa
845 1997 1071 2038 verborum
1106 1994 1292 2035 facilitas
1322 1993 1364 2034 in
1399 1992 1538 2036 altum

146 2055 399 2097 reducetur:
433 2056 544 2096 sicut
564 2054 710 2096 rustici
735 2053 954 2110 proximas
975 2052 1073 2093 vitis
1104 2051 1271 2093 radices
1292 2057 1536 2105 amputant,

142 2127 242 2167 quae
276 2112 395 2154 illam
431 2115 490 2165 (3)
525 2113 567 2154 in
601 2126 815 2153 summum
848 2109 988 2151 solum
1015 2109 1196 2159 ducunt,
1228 2116 1276 2149 ut
1310 2107 1536 2150 inferiores

145 2170 317 2225 penitus
340 2168 644 2211 descendendo
665 2169 903 2209 firmentur.
964 2167 1028 2207 Ac
1049 2167 1192 2207 nescio
1211 2179 1265 2205 an
1286 2172 1535 2219 utrumque,

146 2239 248 2268 cum
269 2241 372 2267 cura
388 2233 432 2267 et
445 2226 588 2267 studio
607 2226 851 2275 fecerimus,
871 2224 1056 2264 invicem
1072 2223 1223 2278 prosit,
1239 2229 1287 2263 ut
1304 2222 1536 2264 scribendo

147 2282 340 2324 dicamus
358 2283 628 2339 diligentius,-
645 2283 832 2324 dicendo
855 2281 1094 2322 scribamus
1112 2279 1299 2321 facilius
1332 2278 1536 2320 Scriben-

147 2338 252 2380 dum
274 2354 394 2395 ergo,
416 2340 584 2395 quoties
597 2339 770 2391 licebit3
788 2339 821 2380 si
842 2338 887 2380 id
909 2352 996 2378 non
1018 2337 1207 2386 dabitur,
1230 2334 1536 2391 cogitandum:

147 2396 201 2437 ab
219 2403 402 2452 utroque
422 2396 588 2438 exclusi
611 2397 774 2438 debent
797 2405 940 2436 tamen
960 2393 1115 2444 adniti,
1147 2400 1195 2434 ut
1218 2406 1359 2447 neque
1382 2391 1539 2447 depre-

146 2451 304 2494 hensus
338 2462 497 2502 orator,
528 2468 669 2508 neque
704 2453 899 2508 litigator
937 2452 1167 2492 destitutus
1199 2462 1292 2490 esse
1327 2448 1537 2492 videatur,

149 2508 408 2566 Plerumque
444 2517 589 2552 autem
623 2509 758 2552 multa
791 2509 1020 2566 agentibus
1053 2506 1228 2558 accidit,
1262 2512 1310 2547 ut
1349 2506 1537 2548 maxime

192 2632 244 2672 (1)
268 2633 318 2663 Ita
333 2632 397 2671 leg.
417 2641 458 2662 ex
473 2633 572 2663 Goth.
599 2633 655 2664 ubi
681 2631 826 2663 lucrative
841 2633 1002 2673 scriptum
1019 2637 1089 2664 est:
1117 2632 1200 2663 illud
1217 2627 1294 2660 lucri
1308 2628 1365 2666 vel,
1390 2639 1431 2660 εκ
1446 2637 1538 2660 eom*

138 2677 268 2716 ‚pendio
283 2675 394 2706 lucrive
409 2681 529 2713 ortum,
552 2681 733 2707 monstrum
751 2682 810 2706 est.
840 2678 877 2706 0.

194 2720 244 2757 (⁶2)
273 2720 386 2749 Levior
398 2724 432 2749 et
442 2720 537 2759 quasi
555 2720 589 2749 in
605 2720 781 2759 superficie
798 2724 927 2756 natam,
952 2719 1082 2759 gravior
1098 2724 1130 2749 et
1147 2715 1342 2759 profundior
1358 2716 1424 2750 fiet..

196 2764 256 2805 (2),
275 2765 353 2795 Quae
364 2763 458 2795 illam
474 2764 506 2794 in
523 2764 730 2804 superficiem
745 2770 843 2795 terrae
860 2764 1043 2795 adducunt.

838 2819 870 2851 ἒξ
