2015 3341
410 47 496 91 376
871 60 971 89 ωΒ.
1004 60 1097 90 xxx.
1158 60 1267 89 CAP.
1299 61 1350 89 x.

413 159 614 200 rumque,
644 153 688 187 et
714 146 870 203 petitas
894 145 960 187 vei
996 147 1124 203 paulo
1157 147 1359 189 licentius
1389 147 1654 205 voluptates;
1686 163 1805 190 com·

415 203 656 245 movendos
673 205 788 244 enim
817 217 924 253 esse,
957 203 1266 259 ducendosque
1287 205 1453 246 animos
1477 205 1772 262 imperitorum
1792 221 1801 247 ι

419 268 464 300 at
485 259 601 356 quod
634 260 754 301 libris
782 260 1024 309 dedicatur,
1053 271 1098 302 et
1119 262 1161 302 in
1184 260 1433 317 exemplum
1455 262 1614 312 editur,
1647 269 1804 303 tersum

421 329 472 361 ac
512 325 709 364 nuatum,
739 325 783 356 et
815 316 868 356 ad
905 316 1045 371 legem
1077 333 1128 359 ae
1162 317 1357 371 regulam
1391 320 1679 376 compositum
1713 328 1805 359 esse
1833 366 1837 369 ⁷

423 381 640 427 oportere,
671 373 774 428 quia
795 373 938 422 veniat
956 374 999 414 in
1016 389 1166 416 manus
1189 374 1433 423 doctorum,
1465 376 1689 431 etjudices
1706 375 1808 415 artis

423 426 586 472 habeat
608 429 810 472 artifices.
870 427 987 477 Quin
1018 431 1076 472 issi
1099 431 1295 478 subtiles,
1326 440 1372 471 ut
1393 431 1567 473 sibimet
1586 447 1636 473 ac
1664 429 1810 471 multis

457 494 743 535 ersuaserunt,
776 486 985 542 magistri,
1017 488 1243 542 παράδειγμα
1274 486 1478 536 dicendo,
1510 490 1677 538 ἐνθύμημα
1708 486 1813 527 scri·

424 499 587 592 gendo,
617 557 709 584 esse
730 543 871 598 aptius
894 543 1178 584 tradiderunt.
1240 541 1355 585 Mihi
1386 559 1518 585 unum
1549 550 1677 597 atque
1695 543 1812 586 idem

423 598 597 642 videtur
630 601 739 641 bene
774 598 933 649 dicere,
965 614 1015 640 ac
1038 599 1146 639 bene
1168 600 1374 642 scribere:
1407 614 1544 655 neque
1572 599 1689 641 aliud
1723 614 1814 640 esse

426 657 564 697 oratio
584 657 758 712 scripta,
790 671 919 712 quam
942 664 1269 698 monumentum
1288 657 1469 700 actionis
1489 657 1663 698 habitae.
1726 656 1813 699 lta·

459 726 510 753 ue
546 712 679 754 nullas
714 727 818 762 non,
851 720 900 753 ut
933 713 1101 768 opinor,
1135 710 1267 753 debet
1298 713 1456 754 habere
1489 714 1689 754 virtutes:
1725 727 1812 757 non

409 726 531 809 {ico
555 769 672 812 nulla
695 770 821 820 vitia3
845 785 943 810 nam
965 769 1176 823 imperitis
1199 769 1365 824 placere
1387 769 1619 825 aliquando
1639 784 1735 824 quae
1755 769 1818 810 vi-

431 824 540 867 tiosa
557 835 656 868 sunt
676 827 780 868 scin.
842 824 943 873 Quo
971 826 1172 866 different
1200 826 1357 882 igitur?
1389 826 1523 882 quod,
1554 827 1586 866 si
1610 826 1715 867 mihi
1739 826 1816 868 des

429 883 665 931 concilium
693 883 894 938 judicum
926 883 1185 939 sapientum,
1219 898 1422 938 perquam
1457 883 1594 924 multa
1625 883 1815 927 recidam

431 954 486 982 ex
509 941 777 982 orationibus
800 953 884 980 non
911 939 1134 981 Ciceronis
1170 939 1318 990 modo,
1350 941 1423 981 sed
1458 941 1587 982 etiam
1621 940 1711 999 ejus
1743 940 1817 995 qui

431 1006 498 1038 est
533 998 721 1038 strictior
760 996 918 1046 multo,
951 994 1278 1037 Demosthenis:
1312 1011 1450 1051 neque
1486 998 1600 1038 enim
1636 997 1818 1037 affectus

431 1054 611 1095 omnino
633 1053 834 1094 movendi
857 1061 998 1102 erunt,
1021 1067 1100 1093 nec
1117 1067 1238 1093 aures
1253 1053 1542 1095 delectatione
1561 1053 1819 1104 mulcendae,

433 1125 531 1152 cum
551 1111 680 1152 etiam
697 1110 909 1166 prooemia
923 1123 1186 1165 supervacua
1203 1124 1293 1151 esse
1311 1110 1422 1164 apud
1445 1110 1547 1151 tales
1562 1110 1818 1151 Aristoteles

432 1167 674 1209 existimet:
706 1181 794 1207 non
816 1166 929 1206 enim
954 1165 1176 1207 trahentur
1196 1165 1262 1206 his
1286 1165 1346 1206 illi
1381 1167 1615 1224 sapientes3
1647 1166 1820 1223 proprie

434 1231 479 1264 et
500 1224 796 1280 significanter
825 1237 914 1264 rem
947 1222 1155 1272 indicare,
1187 1224 1443 1279 probatione
1465 1223 1687 1280 colligere,
1718 1225 1821 1266 satis

435 1289 520 1321 est:
554 1296 651 1322 cum
673 1279 929 1332 verojudex
960 1279 1085 1321 detur
1116 1289 1190 1320 aut
1219 1280 1419 1335 populus,
1448 1288 1523 1321 aut
1554 1296 1607 1322 ex
1641 1279 1822 1337 populo,

433 1337 649 1394 laturique
667 1337 926 1380 sententiam
945 1336 1108 1377 indocti
1131 1338 1302 1392 saepius,
1318 1345 1447 1392 atque
1462 1339 1632 1381 interim
1648 1337 1820 1388 rustici;

434 1396 579 1436 onmia
596 1410 692 1450 quae
727 1394 779 1434 ad
818 1393 1121 1443 obtinendum,
1153 1394 1269 1448 quod
1306 1394 1585 1444 intendimus,
1618 1395 1821 1450 prodesse

434 1451 676 1501 credemus,
709 1450 959 1491 adhibenda
994 1461 1115 1501 sunt.;
1148 1465 1300 1507 euque,
1332 1462 1376 1492 et
1412 1466 1509 1492 cum
1548 1452 1745 1501 dicimus,
1778 1457 1823 1491 et

436 1524 534 1549 cum
568 1509 815 1559 scribimus3
850 1516 897 1548 ut
930 1507 1180 1557 doceamus,
1212 1523 1298 1562 quo
1332 1508 1461 1549 modo
1496 1509 1624 1551 scribi
1659 1517 1702 1549 et
1734 1507 1822 1552 dici

435 1574 652 1621 oporteat.
712 1565 781 1606 An
818 1564 1132 1607 Demosthenes
1163 1565 1271 1606 male
1303 1566 1362 1606 sic
1384 1565 1543 1621 egisset
1563 1573 1611 1606 ut
1632 1565 1825 1620 scripsit?

438 1634 512 1664 aut
534 1623 718 1666 Cicero?
750 1632 824 1663 aut
858 1636 931 1663 eos
965 1622 1343 1678 praestantissimos
1376 1630 1567 1664 oratores
1588 1621 1671 1662 alio
1694 1636 1825 1677 quam

438 1681 607 1735 scriptis
631 1679 961 1734 cognoscimus?
1014 1678 1175 1719 Melius
1198 1688 1381 1734 egerunt
1411 1680 1557 1735 igitur,
1589 1694 1643 1719 an
1676 1680 1824 1734 pejus?

439 1753 541 1780 nam
576 1738 607 1776 si
641 1738 778 1792 pejus,
809 1736 869 1776 sic
891 1736 1084 1790 oportuit
1104 1735 1187 1776 dici
1213 1747 1258 1777 ut
1280 1736 1563 1792 scripserunt:
1598 1736 1630 1776 si
1654 1736 1824 1786 melius,

441 1795 503 1836 sic
524 1794 718 1850 oportuit
748 1793 875 1835 scribi
910 1800 956 1833 ut
991 1792 1209 1835 dixerunt.
1271 1793 1389 1839 Quid
1411 1796 1540 1848 ergo?
1573 1808 1743 1848 semper
1765 1793 1826 1834 sic

441 1861 544 1907 aget
565 1859 708 1892 orator
726 1858 773 1892 ut
792 1850 965 1891 scribit?
997 1850 1028 1889 si
1052 1849 1217 1897 licebit,
1248 1864 1439 1905 semper:
1473 1849 1588 1905 quod
1624 1851 1654 1890 si
1690 1851 1827 1905 impe-

442 1908 566 1949 diant
600 1908 811 1949 brevitate
849 1916 1044 1961 tempora
1079 1921 1104 1946 a
1131 1907 1283 1961 judice
1321 1906 1437 1955 data,
1470 1907 1652 1948 muitum
1688 1922 1739 1948 ex
1774 1922 1826 1949 eo

442 1965 559 2022 quod
591 1965 733 2021 potuit
760 1963 846 2004 dici
868 1963 1106 2013 recidetur-3
1140 1964 1275 2004 editio
1295 1963 1474 2004 habebit
1496 1965 1654 2004 omnia.
1715 1965 1829 2010 Qum

444 2030 586 2065 autem
612 2021 849 2064 secundum
870 2020 1371 2075 naturamjiidicantium
1391 2021 1508 2061 dicta
1526 2030 1638 2071 sunt,
1663 2035 1746 2061 non
1772 2021 1831 2063 ita

444 2079 626 2139 posteris
663 2078 899 2126 tradentur,
949 2091 1000 2118 ne
1040 2077 1265 2118 videantur
1306 2079 1515 2133 propositi
1555 2077 1700 2127 fuisse,
1743 2093 1830 2120 non

443 2136 665 2192 temporiS.
728 2135 839 2177 Nam
875 2134 916 2175 id
951 2148 1122 2189 quoque
1151 2134 1383 2189 plurimum
1413 2135 1558 2183 refert,
1590 2149 1676 2189 quo
1698 2135 1831 2176 modo

438 2195 576 2252 judex
601 2193 747 2234 audire
767 2191 890 2232 velit:
924 2200 1052 2247 atque
1069 2191 1108 2231 ei
1126 2191 1266 2232 vultus
1289 2205 1402 2247 saepe
1423 2192 1510 2247 ipse
1536 2195 1600 2243 (1)
1619 2192 1832 2247 regendus

446 2259 512 2292 est.
533 2250 734 2298 dicentis,
765 2259 812 2290 ut
829 2249 981 2289 Cicero
1006 2248 1217 2304 praecipit.
1281 2248 1471 2302 Ideoque
1495 2250 1738 2290 instandum
1764 2249 1832 2299 iis,

447 2323 545 2363 quae
570 2307 739 2363 placere
762 2305 1047 2350 intellexeris;
1079 2305 1356 2346 resiliendum
1376 2307 1428 2346 ab
1449 2306 1514 2354 iis,
1544 2320 1639 2360 quae
1663 2320 1747 2346 non
1767 2320 1834 2346 re-

449 2366 683 2420 cipientur:
717 2377 855 2404 sermo
878 2363 984 2418 ipse,
1015 2361 1086 2416 qui
1119 2362 1456 2419 facilejudicem
1480 2362 1650 2412 doceat,
1683 2371 1836 2418 optan-

451 2423 546 2464 dus.
607 2421 700 2463 Nec
729 2420 771 2461 id
797 2420 948 2460 mirum
975 2419 1044 2468 sit,
1075 2433 1173 2460 cum
1195 2420 1322 2460 etiam
1348 2419 1521 2460 testium
1540 2420 1734 2474 personis
1755 2420 1834 2460 ali-

452 2494 538 2535 qua
560 2486 792 2518 mutentur.
854 2475 1094 2520 Prudenter
1123 2477 1255 2526 enim,
1286 2476 1359 2530 qui
1395 2491 1492 2517 cum
1529 2477 1836 2531 interrogasset

451 2537 657 2578 rusticum
686 2543 853 2584 testem,
884 2548 938 2575 an
959 2533 1210 2590 Amphiona
1236 2535 1406 2576 nosset?
1437 2543 1625 2592 negante
1657 2548 1726 2584 eo,
1757 2533 1835 2576 de·

497 2678 547 2713 (1)
573 2678 622 2706 Ita
638 2676 700 2714 leg.
725 2686 765 2705 ex
789 2673 983 2711 compendio
999 2660 1122 2714 regnan
1151 2675 1237 2704 unde
1256 2684 1301 2713 pr.
1321 2673 1413 2703 editt.
1433 2678 1549 2703 rectas:
1573 2678 1656 2709 tum,
1681 2675 1738 2713 qui
1763 2685 1836 2706 sen—

448 2730 523 2751 snm
535 2721 604 2760 ejus
619 2720 706 2751 verbi
718 2729 803 2760 pene
815 2717 944 2750 nullum
961 2727 1031 2749 esse
1047 2718 1208 2757 viderant,
1232 2719 1265 2749 in
1277 2724 1369 2749 rector
1384 2723 1514 2749 mutare
1528 2724 1712 2759 coeperuut.
1741 2719 1776 2750 O.
