2010 3382
712 203 874 234 :Nnnx
901 205 1144 237 CAPrruM.
1586 193 1634 236 xi

1555 303 1636 342 Pag-

323 372 375 410 ΙΙ.
404 373 463 411 De
483 375 715 418 narratione,
900 397 919 406 -
1080 399 1098 408 -
1433 398 1452 407 -
1563 382 1634 414 103

298 441 372 478 111.
403 443 461 479 De
481 445 710 493 egressione,
903 467 920 475 -
1078 467 1097 476 -
1433 467 1451 475 -
1563 450 1575 481 1
1592 451 1634 481 18

308 509 376 547 IV.
405 511 463 547 De
485 512 754 560 propositione,
899 534 917 542 -
1077 535 1094 543 -
1253 533 1271 543 -
1431 534 1449 541 -
1561 517 1635 549 120

326 577 372 617 V.
401 579 460 618 De
480 579 700 629 partitione,
902 602 920 610 -
1078 603 1097 611 -
1253 601 1272 610 -
1428 601 1448 612 ο
1561 585 1631 621 121

800 732 987 775 LIBER
1016 733 1071 776 V.

422 871 669 916 Prooemium,
696 871 744 909 de
764 871 1008 922 probatione,
1075 894 1092 902 -
1252 895 1270 904 -
1433 895 1451 906 -
1560 879 1632 914 126

337 939 367 977 I.
396 939 645 977 Probationes
655 953 736 977 esse
753 946 819 977 aut
831 940 1108 985 inartificiales,
1124 946 1190 978 aut
1207 942 1434 987 artificiales,
1550 944 1636 982 ibid

320 1008 373 1044 II.
403 1009 461 1045 De
482 1008 733 1057 praejudiciis,
902 1028 919 1037 -
1078 1029 1096 1037 -
1257 1032 1274 1039 -
1432 1034 1450 1041 -
1561 1018 1632 1050 127

292 1075 366 1113 III.
395 1076 454 1113 De
474 1075 578 1112 fama
594 1081 633 1113 et
648 1075 879 1121 rumoribus,
1077 1097 1096 1105 ·
1256 1100 1274 1108 -
1434 1101 1450 1109 -
1560 1085 1633 1118 128

301 1143 369 1180 IV.
399 1144 458 1181 De
479 1144 692 1188 tormentis,
895 1166 912 1175 -
1071 1164 1088 1174 -
1249 1167 1266 1176 ·
1426 1169 1443 1176 -
1550 1147 1636 1186 ibid

317 1211 365 1248 V.
394 1213 454 1249 De
474 1212 629 1256 tabuiis,
725 1234 742 1242 -
898 1234 915 1243 ·
1071 1233 1091 1243 -
1251 1235 1270 1244 ·
1429 1237 1446 1244 -
1560 1221 1633 1255 129

302 1279 368 1317 VI.
399 1281 457 1317 De
472 1279 737 1327 jurejurando,
897 1303 914 1310 -
1071 1302 1089 1310 ·
1246 1303 1265 1311 -
1425 1305 1443 1312 -
1548 1284 1636 1322 ibid

282 1348 372 1385 Vll.
402 1349 461 1385 De
480 1349 654 1392 testibus,
672 1349 732 1385 vel
751 1350 995 1394 testimoniis,
1074 1371 1091 1378 -
1252 1371 1271 1379 -
1430 1372 1448 1380 -
1561 1357 1635 1389 130

253 1415 365 1455 VIII.
395 1418 453 1455 De
470 1418 696 1466 probatione
715 1417 918 1463 artificiali,
1075 1439 1093 1448 -
1430 1441 1449 1450 -
1560 1425 1630 1459 135

300 1485 370 1522 IX.
398 1486 456 1521 De
477 1486 608 1535 signis,
723 1507 740 1517 -
901 1507 920 1515 -
1080 1508 1098 1516 -
1253 1509 1271 1516 -
1431 1510 1449 1518 ·
1560 1492 1633 1527 136

320 1554 368 1590 X.
398 1554 456 1590 De
474 1554 726 1603 argumentis,
900 1574 917 1584 -
1077 1576 1093 1584 -
1252 1576 1270 1584 -
1428 1578 1447 1585 -
1558 1562 1628 1596 137

300 1621 370 1658 XI.
399 1621 457 1658 De
476 1621 677 1671 exemplis,
899 1643 916 1652 -
1049 1638 1094 1651 r—
1430 1645 1448 1652 -
1558 1630 1630 1663 147

283 1690 375 1728 XII.
404 1690 463 1727 De
484 1702 552 1726 usu
574 1694 907 1739 argumentorum,
1076 1712 1092 1721 ·
1252 1711 1270 1720 -
1428 1713 1446 1721 -
1558 1698 1626 1732 151

257 1758 368 1798 XIII.
399 1758 458 1795 De
478 1757 722 1803 refutatione,
894 1781 912 1789 -
1071 1780 1088 1787 ·-
1245 1779 1263 1787 ·
1426 1781 1442 1791 ·-
1557 1767 1629 1801 154-

265 1826 372 1870 XIV.
402 1827 461 1864 De
482 1826 789 1877 enthymemate,
894 1848 911 1856 ·
1069 1847 1086 1853 -
1249 1848 1267 1856 -
1425 1849 1442 1856 ·
1556 1835 1623 1870 161

789 1968 973 2012 LIBER
1004 1969 1079 2012 VI.

392 2116 639 2160 Prooemiuin,
669 2116 707 2153 in
727 2128 804 2166 quo
823 2114 871 2153 de
889 2115 1044 2153 fortuna
1064 2128 1132 2153 sua
1152 2118 1340 2167 queritur,
1428 2142 1444 2149 -
1553 2127 1628 2162 164.

335 2185 366 2223 I.
395 2185 454 2222 De
475 2186 731 2234 peroratione,
899 2205 915 2213 ·
1075 2206 1091 2213 -
1252 2208 1268 2215 ·
1428 2209 1444 2217 -
1556 2196 1624 2229 167

319 2255 371 2292 II.
402 2256 460 2291 De
479 2253 695 2296 aflectibus,
895 2274 911 2282 -
1069 2273 1086 2281 -
1248 2276 1265 2283 -
1426 2278 1442 2285 -
1555 2265 1624 2297 173

292 2323 366 2361 III.
399 2323 457 2359 De
478 2323 569 2364 risu,
720 2342 736 2349 -
898 2342 915 2349 -
1076 2343 1092 2350 -
1250 2343 1267 2350 -
1430 2346 1446 2353 -
1556 2332 1625 2365 175

300 2390 367 2427 IV.
397 2390 456 2426 De
474 2390 735 2432 altercatione,
892 2410 908 2417 -
1068 2411 1083 2418 -
1254 2412 1270 2419 -
1427 2414 1444 2422 -
1558 2402 1627 2434 185

319 2457 364 2495 V.
393 2459 451 2496 De
465 2456 616 2506 judicio
634 2462 673 2493 et
692 2456 863 2500 consilio,
1074 2479 1091 2486 -
1251 2480 1268 2488 -
1428 2483 1445 2490 -
1557 2469 1626 2502 153

776 2608 958 2651 LIBER
990 2608 1027 2650 V
1033 2607 1093 2651 II.

398 2754 642 2797 Prooemium,
663 2753 710 2790 de
733 2753 896 2792 utilitate
914 2752 1188 2805 dispositionis,
1255 2777 1271 2784 -
1419 2778 1446 2809 .’
1556 2764 1623 2798 191

342 2824 372 2863 I.
401 2824 459 2860 De
479 2822 741 2873 dispositione,
898 2841 914 2850 -
1076 2842 1092 2851 ·
1252 2843 1271 2852 -
1430 2845 1448 2855 -
1559 2831 1632 2866 192
