2015 3341
447 87 534 138 5⁸04
688 114 695 117 ’·
904 99 1000 139 21⁶2.
1035 102 1085 138 X.
1147 99 1254 139 c'AP.
1288 99 1381 139 vii.

443 209 578 250 usque
600 195 652 238 ad
677 196 892 251 ultimum.
939 201 1004 249 (l)
1026 197 1094 238 Ad
1119 197 1351 239 dicendum
1371 196 1503 238 etiam
1520 194 1660 251 pudor
1678 190 1836 235 stimma*

443 251 511 291 los
545 253 740 303 adhibet,
773 262 818 294 et
853 255 1135 295 dicendorum
1175 261 1404 309 expectata
1440 254 1556 294 laus:
1590 252 1833 305 mirumque

443 308 581 349 videri
614 318 770 365 potest,
802 312 936 365 quod,
968 326 1067 351 cum
1102 311 1238 365 stylus
1269 320 1435 351 secreto
1467 309 1672 365 gaudeat,
1701 316 1832 360 atque

443 377 514 405 om
524 381 595 406 nes
616 367 799 407 arbitros
824 367 1090 417 reformidet,
1122 367 1428 422 extemporalis
1449 367 1563 407 actio
1585 365 1833 406 auditorum

444 422 705 476 frequentia,
727 431 774 463 ut
796 424 918 464 miles
940 432 1150 479 congestu
1171 425 1410 479 signorum,
1433 423 1661 464 excitatur.
1697 420 1837 461 Nam*

444 493 527 534 que
550 490 593 519 et
615 479 902 520 difficiliorem
926 481 1238 536 cogitationem
1271 480 1478 535 exprimit
1497 487 1541 520 et
1562 476 1747 534 expellit
1768 475 1834 516 dia

444 535 572 575 cendi
615 537 863 586 necessitas,
895 547 940 577 et
980 537 1192 578 secundos
1233 536 1420 592 impetus
1461 543 1593 592 auget
1631 531 1833 591 placendi

445 592 621 646 cupido.
682 592 807 633 Adeo
840 594 1064 648 praemium
1098 594 1245 634 omnia
1277 600 1487 648 spectant,
1518 601 1564 633 ut
1583 589 1835 646 eloquentia

444 662 633 703 quoque,
665 664 911 705 quanquam
953 650 1184 706 plurimum
1231 651 1387 690 habeat
1430 649 1471 688 in
1506 664 1548 690 se
1582 645 1834 703 voluptatis,

444 707 634 746 maxime
654 716 795 747 tamen
820 708 1023 762 praesenti
1053 708 1194 748 fructu
1213 706 1351 747 laudis
1373 705 1675 762 opinionisque
1699 703 1834 744 duca-

444 767 529 803 tur.
591 763 685 803 Nec
706 765 928 818 quisquam
956 771 1122 805 tantum
1143 764 1251 804 fidat
1272 764 1466 819 ingenio,
1498 771 1546 803 ut
1568 762 1607 802 id
1634 761 1713 802 sibi
1737 774 1835 816 spe-³

442 826 510 858 ret
531 818 754 875 incipienti
779 820 1070 876 statiinposse
1088 822 1365 876 contingere3
1398 820 1490 869 sed,
1521 819 1634 860 sicut
1649 819 1692 859 in
1711 817 1835 872 cogi-

445 876 609 917 tatione
628 878 927 933 p1·aecel)iiniiS‚
946 880 1005 918 ita
1020 878 1287 927 facultatem,
1302 892 1475 932 qnoque
1490 874 1834 930 extemporalem

445 946 471 971 a
491 934 633 987 parvis
665 935 798 976 initiis
830 936 1036 990 paulatim
1069 935 1353 991 perducemus
1380 935 1432 975 ad
1468 947 1702 983 suinmam3
1734 945 1833 986 quae

445 1003 526 1030 nec
550 991 701 1045 perfici
719 1006 798 1032 nec
830 993 1042 1032 contineri
1064 992 1143 1032 nisi
1177 1007 1250 1033 usu
1274 999 1432 1046 potest.
1494 989 1712 1031 Caeterum
1739 1001 1835 1044 per-

447 1047 592 1087 venire
614 1062 666 1088 eo
689 1047 836 1097 debet,
869 1056 916 1088 ut
946 1049 1157 1104 cogitatio
1190 1063 1277 1089 non
1311 1048 1458 1103 utique
1493 1046 1647 1087 melior
1679 1045 1732 1086 sit
1764 1059 1832 1094 ea,-

445 1102 519 1143 sed
544 1105 696 1145 tutior:
715 1120 811 1146 cum
834 1105 944 1145 hanc
961 1105 1214 1147 felicitatem
1236 1118 1322 1145 non
1346 1105 1388 1145 in
1412 1118 1537 1161 prosa
1555 1102 1685 1150 modo
1707 1101 1833 1142 multi

444 1160 530 1200 sint
548 1162 785 1211 consecuti,
818 1162 890 1202 sed
914 1163 1043 1202 etiam
1067 1163 1110 1202 in
1139 1162 1346 1209 carmine,
1379 1169 1428 1201 ut
1447 1160 1676 1216 Antipater
1709 1158 1835 1199 Sido-

445 1216 557 1266 nius,
604 1226 648 1258 et
683 1218 871 1259 Licinius
907 1218 1105 1260 Archias.
1167 1218 1447 1259 Credendum
1478 1217 1594 1259 enim
1631 1215 1833 1257 Ciceroni

445 1284 532 1314 est:
567 1288 652 1314 non
683 1276 783 1330 quia
806 1277 960 1316 nostris
979 1289 1150 1331 quoque
1174 1275 1442 1330 temporibus
1472 1288 1556 1314 non
1579 1280 1625 1314 et
1652 1272 1835 1313 fecerint

443 1331 618 1384 quidam
644 1331 744 1380 hoc,
768 1340 812 1372 et
834 1332 1015 1373 faciant:
1047 1332 1164 1387 quod
1188 1340 1332 1373 tamen
1355 1332 1494 1387 ipsum
1513 1345 1599 1372 non
1626 1337 1711 1370 tam
1734 1343 1834 1384 pro·

447 1387 588 1428 babile
607 1396 712 1444 puto
738 1391 893 1444 (neque
915 1390 1030 1430 enirn
1055 1390 1186 1430 habet
1207 1396 1281 1429 aut
1297 1404 1419 1430 usum
1438 1403 1518 1438 res,
1550 1394 1625 1428 aut
1646 1386 1836 1427 necessi-

446 1450 600 1495 tatem)
621 1460 749 1500 quam
767 1447 1051 1487 exhortandis
1084 1446 1125 1487 in
1160 1446 1271 1487 lianc
1293 1460 1429 1502 spem,
1460 1446 1534 1501 qui
1557 1445 1649 1485 foro
1669 1458 1836 1499 praepa-¹

444 1510 609 1552 rantur,
644 1503 748 1543 utile
782 1504 1045 1559 exemplum.
1108 1503 1261 1559 Neque
1291 1518 1391 1544 vero
1424 1509 1588 1543 tantam
1625 1515 1717 1541 esse
1752 1515 1836 1540 una

444 1574 575 1614 quam
592 1559 793 1601 fiduciam
814 1560 1036 1602 facilitatis
1059 1561 1204 1610 velim,
1226 1567 1273 1600 ut
1296 1574 1380 1601 non
1406 1560 1535 1600 breve
1551 1558 1705 1599 saltem
1723 1566 1835 1598 18111-

445 1630 543 1670 puS,
575 1617 689 1670 quod
714 1632 923 1672 nusquam
947 1618 1035 1658 fere
1058 1617 1212 1666 deerit,
1244 1617 1295 1658 ad
1320 1632 1370 1658 ea
1392 1632 1488 1672 quae
1507 1615 1665 1657 dicturi
1688 1628 1834 1655 sumus

446 1673 718 1728 dispicienda
746 1689 983 1716 sumamus:
1016 1675 1129 1730 quod
1165 1674 1340 1729 quidem
1375 1676 1417 1715 in
1443 1671 1623 1729 judiciis
1655 1687 1706 1713 ac
1739 1672 1834 1712 foro

447 1729 573 1770 datur
595 1745 785 1786 semper3
809 1745 949 1787 neque
967 1732 1080 1772 enim
1097 1732 1320 1787 quisquam
1339 1740 1404 1772 est
1419 1732 1492 1786 qui
1511 1744 1680 1772 causam
1705 1743 1835 1784 quam

446 1801 534 1827 11011
553 1786 756 1828 didicerit
777 1796 893 1844 agat.
955 1787 1281 1829 Declamatores
1299 1789 1517 1843 quosdam
1538 1801 1735 1843 perversa
1752 1786 1833 1826 du-·

446 1845 509 1885 cit
538 1844 736 1894 ambitio,
768 1853 816 1886 ut
846 1846 1045 1900 exposita
1066 1847 1358 1886 controversia
1382 1845 1574 1901 protinus
1597 1843 1741 1884 dicere
1761 1857 1833 1883 ve—

441 1900 555 1951 ,lint3
575 1902 677 1955 quin
701 1902 848 1951 etiam,
867 1903 982 1957 quod
1002 1912 1065 1943 est
1084 1903 1125 1943 in
1150 1903 1297 1958 primis
1311 1902 1513 1943 frivolum
1529 1916 1579 1942 ac
1597 1900 1833 1948 scenicum,-

446 1959 626 1998 vcrbum
659 1966 808 2014 petant
840 1974 926 2014 quo
960 1959 1192 2015 incipiant:
1226 1959 1299 2000 sed
1324 1967 1407 1999 tam
1432 1957 1767 2000 contumeliosos
1790 1957 1834 1997 in

447 2030 492 2056 se
511 2014 622 2055 ridet
644 2016 830 2057 invicem
859 2016 1134 2070 eloquenti-<13
1166 2026 1226 2066 et,
1256 2016 1328 2071 qui
1352 2015 1493 2057 stultis
1515 2015 1673 2056 eruditi
1696 2013 1833 2055 videri

446 2072 614 2120 volunt,
647 2072 766 2113 stulti
798 2072 977 2113 eruditis
1008 2071 1225 2114 videntur.
1286 2073 1330 2113 Si
1363 2088 1448 2129 qua
1483 2082 1624 2114 tamen
1659 2071 1834 2112 fortuna

447 2139 535 2170 tam
558 2129 744 2170 subitam
767 2129 918 2170 fecerit
937 2131 1096 2184 agendi
1125 2131 1443 2179 necessitatem,
1475 2129 1703 2171 mobiliore
1724 2141 1834 2183 quo—
1870 2152 1876 2154 e

449 2186 548 2227 dam
573 2200 680 2241 opus
704 2186 785 2227 erit
807 2184 1000 2242 ingenio,
1030 2195 1074 2226 et
1096 2188 1158 2227 vis
1181 2187 1322 2228 omnis
1345 2186 1612 2228 intendenda
1629 2187 1770 2235 rebus,
1789 2192 1836 2227 et

446 2243 490 2284 in
528 2243 755 2299 praesentia
787 2244 1095 2284 remittendum
1127 2244 1288 2297 aliquid
1321 2259 1376 2285 ex
1398 2256 1501 2284 cura
1521 2244 1766 2293 verborum,
1797 2241 1834 2288 si

447 2310 676 2354 utrumque
699 2301 818 2354 sequi
843 2315 927 2341 non
947 2301 1133 2342 dabitur.
1191 2300 1301 2342 Tum
1324 2310 1368 2341 et
1396 2300 1558 2342 tardior
1580 2299 1835 2355 pronuntia-

445 2358 508 2397 tio
534 2372 671 2397 moras
695 2356 843 2407 habet,
873 2368 917 2398 et
938 2373 1141 2413 suspensa
1164 2372 1214 2398 ac
1236 2359 1355 2399 velut
1376 2358 1578 2399 dubitans
1599 2357 1753 2406 oratio,
1785 2362 1836 2397 ut

449 2423 592 2457 tamen
627 2413 881 2460 deliberare,
910 2429 996 2455 non
1036 2415 1249 2465 haesitare,
1282 2414 1518 2455 videamur.
1579 2414 1697 2463 Hoc,
1728 2414 1834 2465 dum

448 2471 696 2526 egredimur
718 2485 740 2510 e
764 2479 906 2526 portu,
923 2471 954 2511 si
978 2486 1056 2512 nos
1078 2472 1270 2513 nondum
1289 2473 1446 2527 aptatis
1468 2471 1569 2512 sutis
1591 2485 1835 2521 armamen-

450 2530 503 2571 tis
527 2539 627 2584 aget
649 2535 825 2569 ventus:
860 2528 1017 2569 deinde
1040 2528 1249 2585 paulatim
1277 2529 1402 2569 simul
1422 2537 1572 2569 euntes
1589 2528 1834 2585 aptabimus

494 2684 542 2721 (1)
569 2684 617 2712 lta
641 2692 680 2711 ex
709 2683 807 2711 Goth.
826 2682 890 2720 leg.
916 2682 978 2712 nisi
999 2671 1087 2726 quod
1104 2682 1224 2715 adhibet
1247 2693 1287 2715 ex
1307 2683 1477 2715 contrariis
1499 2681 1564 2715 iuis
1587 2681 1671 2714 addit
1698 2684 1733 2712 et
1747 2679 1836 2712 habet

447 2726 563 2759 confici
577 2736 673 2766 posse
687 2725 890 2766 putavimus
919 2726 953 2757 0.
