2015 3341
424 64 530 111 328*
875 82 969 114 Lm.
1002 85 1074 113 xi.
1135 69 1242 115 cn».
1275 86 1355 115 ιη.

428 166 750 216 solicitudinem
771 167 938 219 afferat,
967 178 1129 226 quanto
1151 169 1249 227 plus
1270 171 1413 212 valeat
1431 185 1605 214 necesse
1627 179 1708 221 est,
1737 169 1812 212 ubi

427 233 474 263 et
505 225 745 267 credimus?
784 226 994 282 Equidem
1018 226 1085 267 vel
1117 227 1381 269 mediocrem
1421 229 1661 269 orationem
1694 241 1816 267 com-

430 281 677 322 mendatam
699 283 859 323 viribus
891 284 1075 324 actionis
1108 283 1406 325 affirmaverim
1445 284 1539 339 plus
1570 284 1815 326 habituram

430 350 523 381 esse
547 340 773 389 momenti,
795 353 921 395 quam
948 341 1155 396 optimam
1178 340 1328 381 eadem
1356 341 1432 381 illa
1453 341 1728 382 destitutam:
1760 339 1816 380 si-

429 394 607 447 quidem
629 405 672 436 et
694 395 1027 446 Demosthenes,
1057 397 1159 451 quid
1179 405 1291 438 esset
1312 398 1352 437 in
1378 406 1470 437 toto
1493 397 1665 438 dicendi
1686 410 1817 452 opere

434 450 636 507 primum,
668 453 973 507 interrogatus,
1009 454 1348 508 pronuntiationi
1381 454 1568 509 palmam
1590 453 1727 502 dedit,
1760 453 1820 494 ei-

433 505 620 563 demque
642 509 878 550 secundum
904 524 954 549 ac
978 510 1150 550 tertium
1179 510 1342 560 locum,
1372 512 1511 552 donec
1533 512 1587 551 ab
1609 525 1662 551 eo
1684 509 1819 564 quaeri

432 562 665 605 desineret:
687 573 735 606 ut
755 580 851 606 eam
873 565 1006 606 videri
1029 567 1163 620 possit
1182 581 1269 607 non
1289 567 1567 623 praecipuam,
1589 567 1662 607 sed
1685 566 1819 606 solam

424 619 668 676 judicasse:
701 622 887 678 ideoque
908 624 997 678 ipse
1021 631 1105 662 tam
1131 623 1361 677 diligenter
1381 619 1494 679 apud
1519 623 1817 664 Andronicum

426 677 692 732 'hypocriten
716 679 895 730 studuit,
917 687 965 720 ut
985 677 1301 721 admirantibus
1320 681 1411 737 ejus
1434 682 1670 721 orationem
1700 679 1822 720 Rho.

412 733 517 775 diis
551 749 635 775 non
669 736 886 777 immerito
907 735 1137 777 AEschines
1169 737 1329 778 dixisse
1350 735 1756 787 videatur,-Quid,
1785 735 1820 781 si

432 790 574 845 ipsum
619 792 845 834 audissetis
862 795 982 834 ?-‚,-.-et
1017 793 1084 834 M.
1120 793 1275 834 Cicero
1306 795 1348 834 in
1385 794 1571 834 dicendo
1603 793 1822 834 actionem

433 848 649 890 dominari
671 859 815 905 putat:
849 850 930 891 hac
951 850 1034 891 Cn.
1064 850 1286 891 Lentulum
1315 850 1409 906 plus
1432 851 1649 906 opinionis
1670 862 1822 891 conse«

435 913 602 955 cutum,
633 921 762 961 quam
803 907 1065 962 eloquentia,
1097 907 1250 952 tradit;
1282 908 1434 949 eadem
1469 908 1520 949 C.
1555 906 1822 954 Gracchum,

434 961 480 1002 in
504 962 703 1010 deflenda
724 964 865 1004 fratris
899 978 1020 1013 nece,
1053 964 1182 1005 totius
1213 964 1363 1020 populi
1397 964 1585 1005 Romani
1611 963 1823 1018 lacrymas

433 1021 699 1068 concitasse:
732 1019 972 1064 Antonium
994 1030 1037 1060 et
1059 1019 1258 1061 Crassum
1281 1021 1461 1062 multum
1495 1020 1694 1069 valuisse,
1723 1019 1822 1075 plu—

434 1076 593 1117 rimum
611 1091 712 1120 vero
737 1078 793 1126 Q,
815 1077 1120 1118 Hortensium:
1153 1078 1275 1133 cujus
1292 1077 1353 1120 rei
1370 1077 1473 1118 fides
1494 1087 1574 1127 est,
1590 1077 1706 1132 quod
1729 1077 1823 1132 ejus

435 1133 598 1188 scripta
615 1140 783 1179 tantum
807 1134 919 1175 intra
942 1132 1097 1174 famam
1123 1133 1237 1183 sunt,
1268 1134 1359 1189 qui,
1391 1134 1465 1175 diu
1500 1134 1699 1189 princeps
1727 1147 1824 1173 oras

434 1196 594 1240 torum,
625 1190 861 1246 aliquando
891 1190 1065 1232 aemulus
1082 1189 1306 1232 Ciceronis
1337 1191 1609 1232 existimatus
1635 1199 1716 1240 est,
1746 1205 1826 1230 no-

434 1247 625 1295 vissime,
655 1247 797 1302 quoad
834 1247 957 1297 vixit,
988 1247 1223 1288 secundus:
1271 1256 1315 1289 ut
1356 1256 1576 1303 appareat,
1607 1247 1822 1303 placuisse

435 1303 595 1359 aliquid
633 1318 685 1344 eo
714 1304 902 1353 dicente,
935 1304 1052 1359 quod
1089 1303 1285 1359 legentes
1323 1318 1411 1345 non
1448 1304 1706 1346 invenimus.
1767 1303 1826 1344 Et

434 1360 600 1407 hercle,
621 1375 721 1402 cum
736 1360 908 1402 valeant
925 1360 1109 1402 multum
1127 1362 1258 1402 verba
1275 1375 1349 1417 per
1366 1376 1426 1411 se,
1441 1372 1486 1402 et
1505 1376 1587 1403 vox
1606 1361 1826 1417 propriam

433 1418 521 1458 vim
546 1418 724 1473 adjiciat
746 1419 889 1468 rebus,
920 1428 962 1459 et
986 1428 1130 1473 gestus
1157 1428 1384 1474 motusque
1406 1418 1623 1474 significet
1644 1417 1825 1474 aliquid,

435 1474 633 1530 profecto
667 1475 906 1530 perfectum
940 1475 1148 1530 quiddam
1180 1475 1288 1526 fieri,
1320 1490 1419 1516 cum
1448 1476 1593 1516 omnia
1624 1475 1824 1523 coierint,

434 1533 611 1579 necesse
634 1539 712 1573 est.
764 1532 874 1573 Sunt
897 1539 1055 1581 tamen,
1077 1532 1149 1587 qui
1172 1532 1323 1572 rudem
1344 1531 1475 1581 illam,
1494 1540 1537 1573 et
1553 1531 1722 1588 qualem
1742 1531 1825 1573 im·

434 1597 560 1645 petus
582 1590 789 1645 cujusque
818 1589 949 1630 animi
984 1589 1098 1638 tulit,
1130 1589 1566 1644 actionemjudicent
1588 1589 1827 1638 fortiorem,

436 1654 481 1686 et
498 1646 633 1687 solam
658 1647 758 1687 viris
781 1647 982 1701 dignam:
1015 1645 1090 1687 sed
1114 1659 1198 1686 non
1222 1645 1295 1688 alii
1315 1645 1419 1696 fere,
1451 1661 1580 1702 quam
1602 1645 1673 1702 qui
1694 1646 1826 1687 etiam

436 1703 480 1754 in
498 1703 684 1746 dicendo
701 1718 866 1754 curam,
886 1711 930 1744 et
946 1712 1098 1752 artem,
1121 1715 1164 1743 et
1181 1703 1383 1754 nitorem,
1398 1710 1442 1745 et
1454 1702 1664 1759 quidquid
1684 1702 1827 1744 studio

436 1770 627 1817 paratur,
652 1770 698 1802 ut
714 1761 915 1802 affectata
937 1770 980 1800 et
999 1775 1146 1816 parum
1171 1760 1383 1802 naturalia
1404 1760 1545 1801 solent
1568 1759 1827 1816 improbare,

436 1817 505 1858 vel
525 1819 598 1874 qui
623 1818 854 1859 verborum
879 1825 1006 1870 atque
1028 1818 1160 1872 ipsius
1177 1817 1307 1858 etiam
1323 1817 1415 1858 soni
1439 1817 1692 1867 rusticitate,
1713 1826 1760 1858 ut
1777 1816 1825 1859 L.

440 1874 614 1917 Cottam
632 1875 737 1922 dicit
756 1874 909 1916 Cicero
924 1874 1092 1922 fecisse,
1109 1873 1394 1915 imitationem
1409 1873 1678 1929 antiquitatis
1696 1873 1826 1916 affec-.-

439 1938 548 1972 tant.
564 1931 724 1973 Verum
740 1931 801 1972 illi
818 1931 1090 1986 persuasione
1105 1945 1180 1971 sua
1194 1930 1402 1979 fruantur,
1416 1932 1486 1986 qui
1503 1930 1765 1981 horninibus,
1780 1939 1830 1973 ut

442 1989 527 2030 sint
545 1997 750 2036 oratores,
764 1988 865 2028 satis
884 1997 1037 2044 putant
1052 1988 1189 2028 nasci:
1208 1996 1354 2029 nostro
1371 1987 1505 2029 labori
1525 1988 1631 2029 dent
1643 1988 1831 2038 veniam,

441 2047 516 2101 qui
546 2045 653 2092 nihil
684 2045 900 2089 credimus
933 2058 1024 2089 esse
1053 2044 1310 2101 perfectum,
1342 2044 1422 2086 nisi
1455 2045 1528 2087 ubi
1554 2055 1706 2086 natura
1727 2059 1832 2087 cura

435 2104 629 2159 juvetur.
689 2102 740 2145 ln
763 2103 852 2149 hoc
874 2102 1007 2157 igitur·
1027 2115 1112 2151 non
1138 2101 1451 2144 contumaciter
1471 2102 1714 2151 consentio,
1743 2102 1829 2159 pri-.

443 2175 535 2202 mas
559 2167 701 2215 partes
724 2174 815 2203 esse
839 2166 1025 2200 naturae:
1059 2173 1158 2199 nam
1181 2165 1297 2200 certe
1317 2160 1428 2202 bene
1446 2160 1723 2215 pronuntiare
1741 2174 1828 2204 non

442 2218 620 2273 poterit,
650 2217 721 2257 cui
744 2224 817 2257 aut
841 2216 881 2256 in
904 2215 1072 2270 scriptis
1093 2215 1317 2265 memoria,
1349 2223 1424 2256 aut
1446 2217 1487 2258 in
1509 2216 1576 2265 iis,
1607 2231 1703 2271 quas
1727 2216 1828 2257 sub-

444 2275 508 2317 ito
540 2274 727 2315 dicenda
758 2280 898 2323 erunt,
931 2271 1117 2314 facilitas
1146 2280 1314 2328 promta
1345 2271 1552 2314 defuerit:
1583 2287 1664 2314 nec
1696 2273 1730 2314 si
1765 2273 1829 2315 in-

443 2331 735 2381 emendabilia
756 2330 841 2371 oris
863 2329 1140 2377 incommoda
1161 2330 1411 2370 obstabunt.
1472 2329 1676 2386 Corporis
1698 2330 1830 2381 etiam

442 2395 589 2443 potest
608 2403 699 2429 esse
721 2387 862 2441 aliqua
885 2394 1003 2427 tanta
1025 2385 1292 2437 deformitas,
1317 2395 1363 2427 ut
1380 2386 1496 2428 nulla
1512 2397 1602 2428 arte
1617 2387 1829 2429 vincatur.

444 2445 529 2486 Sed
555 2460 606 2486 ne
631 2460 713 2486 vox
733 2445 926 2499 quidem,
956 2442 1036 2487 nisi
1060 2442 1265 2493 liberalis,
1297 2443 1509 2490 actionem
1533 2443 1692 2485 habere
1714 2444 1829 2499 opti-

444 2516 561 2548 mam
582 2510 745 2558 potest:
780 2501 893 2550 bona
910 2500 1025 2541 enim
1054 2500 1279 2556 firmaque,
1309 2508 1358 2541 ut
1374 2500 1586 2551 volumus,
1618 2501 1681 2543 uti
1702 2501 1828 2551 licet;

444 2559 559 2607 mala
581 2559 646 2608 vel
667 2557 887 2605 imbecilla
907 2565 951 2598 et
971 2555 1141 2598 inhibet
1166 2557 1319 2607 multa,
1349 2566 1396 2598 ut
1415 2557 1651 2614 insurgere,
1682 2557 1829 2600 excla-

444 2631 580 2666 mare,
610 2627 654 2657 et
670 2616 814 2671 aliqua
835 2615 971 2670 cogit,
992 2622 1039 2654 ut
1059 2614 1329 2665 submittere,
1351 2614 1597 2665 deflectere,
1617 2625 1661 2656 et
1681 2629 1831 2658 raucas

445 2673 591 2718 fauces
620 2688 671 2714 ac
699 2673 809 2714 latus
840 2671 1068 2726 fatigatum
1092 2670 1276 2719 deformi
1298 2672 1470 2712 cantico
1491 2672 1680 2713 reficere.
1741 2671 1826 2713 Sed

443 2744 523 2776 nos
537 2729 591 2774 de
608 2745 660 2773 eo
676 2744 791 2777 nunc
808 2728 1038 2787 loquimur,
1060 2729 1130 2776 cui
1144 2743 1230 2773 non
1247 2728 1402 2772 frusta-a
1416 2728 1683 2789 praecipitur.
1716 2727 1830 2778 Cum
