2015 3341
463 97 551 142 374
911 108 1006 139 mn.
1039 107 1136 138 xxx.
1198 105 1307 137 cm».
1339 107 1391 136 x.

465 207 543 252 per
554 192 762 250 quaelibet
782 193 890 236 vada
905 208 1121 245 accessus;
1144 208 1227 249 ego
1248 192 1429 247 aliquid,
1443 206 1528 233 non
1552 190 1686 233 multo
1705 197 1849 232 tamen

465 251 611 301 altius,
643 252 688 293 in
708 266 794 307 quo
815 266 913 292 mea
933 252 1090 306 cymba
1122 265 1210 291 non
1242 250 1370 298 sidat,
1402 249 1635 290 inveniam.
1695 247 1849 302 Neque

466 320 601 357 enim,
631 307 666 347 si
689 307 887 350 tenuiora
918 307 1006 350 haec
1027 322 1077 348 ac
1103 307 1312 362 pressiora
1339 306 1483 348 Graeci
1513 305 1679 353 melius,
1711 305 1754 344 in
1777 317 1851 342 eo-

464 377 551 419 que
570 364 785 406 vincimur
804 365 914 412 solo,
930 372 973 404 et
994 364 1094 405 ideo
1117 365 1157 404 in
1178 361 1407 403 comoediis
1431 376 1515 403 non
1532 360 1852 407 contendimus,

465 434 640 476 prorsus
663 430 804 462 tamen
827 421 1071 462 omittenda
1092 434 1187 475 pars
1208 419 1304 460 haec
1320 419 1543 468 orationis,
1572 418 1647 459 sed
1669 416 1850 471 exigen-

466 476 540 527 da,
561 487 609 517 ut
630 477 794 532 optime
817 492 1062 534 possumus:
1086 490 1309 531 possumus
1328 484 1472 516 autem
1495 489 1638 516 rerum
1658 481 1704 514 et
1720 470 1851 513 modo

466 533 698 589 etjudicio
721 548 813 575 esse
834 533 1019 584 similes3
1051 537 1113 585 (l)
1145 533 1373 573 verborum
1393 531 1548 587 gratia,
1578 532 1620 572 in
1639 536 1850 586 quantum

463 589 547 646 ipsi
568 604 656 631 non
685 591 908 641 habemus,
940 591 1208 632 extrinsecus
1227 587 1514 630 conducenda
1530 595 1610 629 est.
1670 586 1738 628 An
1763 599 1850 625 non

467 646 511 688 in
535 646 712 703 privatis
729 656 774 688 et
793 657 961 696 acutus,
990 656 1035 688 et
1055 660 1141 687 non
1163 660 1301 701 asper,
1321 655 1366 686 et
1388 659 1475 686 nou
1495 644 1786 691 indistinctus,
1808 648 1854 681 et

465 717 553 744 non
573 718 701 760 supra
723 705 898 746 modum
922 703 1059 745 elatus
1084 701 1362 745 Mss‘ullius?
1394 716 1480 743 non
1504 702 1545 743 in
1574 700 1638 742 M.
1662 698 1852 740 Callidio

465 759 649 816 insignis
683 760 778 802 haec
812 761 969 802 virtus?
1000 774 1088 800 non
1121 759 1284 815 Scipio,
1319 758 1494 808 Laelius,
1527 757 1655 806 Cato,
1685 757 1727 797 in
1759 755 1852 796 elo-

464 817 640 872 quendo
659 818 775 859 velut
794 817 932 860 Attici
952 817 1247 858 Romanorum
1279 815 1471 857 fuerunt?
1503 814 1585 858 Cui
1613 827 1742 871 porro
1765 825 1854 855 non

466 873 568 915 satis
590 883 670 924 est,
701 889 788 931 quo
810 874 963 916 melius
980 888 1071 914 esse
1094 872 1199 913 nihil
1222 874 1392 928 potest?

522 929 592 971 Ad
613 931 714 980 hoc,
732 931 906 986 quidam
930 930 1090 971 nullam
1113 943 1206 970 esse
1226 927 1460 970 naturalem
1478 935 1632 984 putant
1645 926 1853 982 eloquen-

465 987 592 1036 tiam,
622 987 703 1028 nisi
721 1003 817 1043 quae
837 988 892 1028 sit
909 987 1164 1043 quotidiano
1186 986 1372 1027 sermoni
1394 985 1626 1034 simillima,
1655 998 1740 1039 quo
1755 997 1853 1024 cum

465 1044 632 1093 amicis,
654 1044 931 1100 conjugibus,
955 1044 1116 1092 liberis,
1137 1043 1266 1083 servis
1285 1041 1517 1097 loquimur,
1539 1040 1732 1082 contenti
1756 1053 1855 1095 pro-

463 1115 581 1143 mere
599 1101 729 1142 animi
749 1102 1034 1150 voluntatem,
1066 1099 1262 1154 nihilque
1283 1099 1471 1139 arcessiti
1495 1108 1538 1139 et
1559 1097 1764 1139 elaborati
1789 1110 1855 1137 re-

464 1158 706 1213 quirentes:
738 1157 951 1213 quidquid
985 1157 1069 1198 huc
1090 1157 1146 1197 sit
1166 1155 1402 1210 adjectum,
1437 1155 1477 1195 id
1500 1169 1591 1196 esse
1612 1154 1856 1195 affectatio-

464 1214 548 1263 nis,
579 1225 623 1256 et
644 1214 886 1255 ambitiosae
908 1214 952 1255 in
975 1212 1453 1269 loquendojactantiae,
1487 1221 1698 1253 remotum
1783 1224 1855 1250 ve-

465 1271 610 1320 ritate,
643 1271 880 1326 fictumque
898 1271 1087 1326 ipsorum
1109 1271 1248 1325 gratia
1270 1270 1515 1318 verborum,
1537 1268 1692 1323 quibus
1714 1266 1856 1309 solum

465 1342 492 1368 a
520 1336 672 1369 natura
704 1328 759 1368 sit
787 1328 977 1370 officium
1001 1328 1276 1373 attributum,
1308 1326 1465 1367 servire
1494 1326 1710 1366 sensibus:
1744 1324 1856 1365 sicut

465 1384 723 1426 athletarum
749 1399 946 1441 corpora,
962 1384 1091 1424 etiam
1109 1383 1141 1424 si
1166 1382 1375 1423 validiora
1397 1382 1504 1422 fiant
1523 1381 1854 1430 exercitatione,

465 1451 511 1482 et
535 1441 629 1493 lege
650 1441 836 1498 quadam
854 1443 1066 1488 ciborum,
1095 1454 1181 1481 non
1207 1447 1347 1480 tamen
1366 1453 1456 1480 esse
1478 1438 1703 1487 naturalia,
1727 1447 1856 1492 atque

467 1499 521 1539 ab
557 1498 633 1541 illa
660 1498 822 1555 specie,
853 1513 951 1554 quae
990 1497 1045 1539 sit
1076 1511 1282 1538 concessa
1312 1495 1579 1545 hominibus,
1610 1495 1857 1536 abliorrere.

467 1556 586 1601 Quid
624 1558 758 1603 enim,
791 1557 1006 1610 inquiunt,
1039 1554 1195 1595 attinet
1228 1553 1409 1594 circuitu
1440 1567 1505 1593 res
1537 1552 1780 1600 ostendere,
1812 1559 1858 1592 et

467 1613 837 1662 translationibus,
869 1612 910 1653 id
945 1620 1024 1662 est,
1056 1620 1129 1652 aut
1170 1610 1360 1665 pluribus
1399 1618 1474 1650 aut
1512 1609 1664 1650 alienis
1698 1608 1860 1659 verbis,‘

468 1684 568 1710 cum
591 1685 666 1711 sua
698 1670 853 1724 cuique
887 1670 973 1710 sint
1003 1669 1220 1722 assignata
1248 1666 1448 1707 nomina?
1495 1666 1712 1721 Denique,
1743 1665 1857 1706 anti-

467 1727 720 1782 quissimum
745 1741 960 1783 quemque
993 1726 1180 1766 maxime
1212 1723 1448 1765 secundum
1479 1733 1673 1764 naturam
1697 1722 1857 1764 dixisse

466 1783 756 1834 contendunt,
791 1798 892 1824 mox
920 1782 1058 1838 poetis
1078 1781 1306 1823 similiores
1331 1781 1541 1830 extitisse,
1559 1781 1689 1821 etiam
1706 1780 1737 1820 si
1763 1794 1857 1834 par-

468 1841 577 1891 cius,
609 1840 739 1881 simili
772 1849 917 1881 tamen
950 1840 1115 1880 ratione
1138 1838 1246 1878 falsa
1273 1846 1316 1878 et
1337 1837 1572 1893 impropria
1593 1836 1772 1877 virtutes
1795 1838 1854 1889 (2)

468 1898 620 1952 utique
651 1896 874 1938 ducentes.
937 1897 1035 1942 Qua
1057 1896 1100 1936 in
1123 1894 1418 1951 disputatione
1443 1893 1640 1934 nonnihil
1666 1893 1750 1934 veri
1775 1900 1856 1942 est,

469 1953 658 2009 ideoque
678 1968 763 1994 non
788 1963 871 1994 tam
898 1952 1060 2008 procul,
1093 1966 1222 2006 quam
1244 1951 1291 1992 fit
1316 1967 1340 1992 a
1360 1950 1634 2005 quibusdam,
1653 1950 1860 1991 receden-

470 2011 573 2052 dum
599 2027 620 2051 a
642 2011 825 2066 propriis
848 2017 976 2064 atque
995 2008 1311 2049 communibus.
1373 2007 1416 2047 Si
1439 2008 1533 2062 quis
1553 2020 1712 2056 tamen,
1747 2014 1791 2048 ut
1814 2007 1857 2048 in

472 2067 550 2109 illo
580 2068 678 2109 loco
707 2067 797 2108 dixi
828 2065 1173 2122 coinpositioni5‚
1205 2064 1257 2105 ad
1282 2065 1541 2114 necessaria,
1573 2065 1728 2119 quibus
1749 2062 1858 2104 nihil

469 2125 611 2166 minus
634 2131 714 2172 est,
733 2123 895 2178 aliquid
915 2123 1068 2164 melius
1089 2121 1312 2177 adjecerit,
1336 2136 1421 2162 non
1439 2121 1521 2162 erit
1537 2121 1618 2161 hac
1642 2119 1861 2161 calumnia

471 2181 870 2236 reprehendendus.
933 2179 1043 2220 Nam
1069 2179 1172 2219 mihi
1199 2177 1328 2219 aliam
1351 2177 1568 2233 quandam
1590 2177 1762 2218 videtur
1782 2177 1860 2218 ha-

471 2238 573 2280 bere
601 2246 796 2279 naturam
830 2251 970 2277 sermo
993 2235 1195 2291 vulgaris,
1227 2234 1356 2276 aliam
1380 2235 1458 2275 viri
1492 2234 1733 2288 eloquentis
1765 2248 1860 2275 ora·

470 2295 555 2338 tio:
589 2296 658 2338 cui
689 2295 723 2338 si
747 2309 812 2337 res
835 2294 1023 2336 indicare
1044 2291 1176 2335 modo
1199 2291 1300 2333 satis
1321 2302 1449 2343 esset,
1482 2291 1590 2332 nihil
1623 2290 1734 2332 ultra
1766 2304 1860 2332 ver-

513 2423 564 2463 (ἱ)
593 2422 754 2454 Verborum
768 2422 879 2462 gratia,
903 2431 992 2462 quam
1015 2420 1048 2451 in
1071 2419 1138 2460 ipsis
1163 2418 1292 2449 scilicet
1307 2417 1416 2447 verbis
1434 2426 1492 2446 non
1510 2416 1658 2452 habemus,
1685 2414 1759 2453 (nisi
1774 2414 1860 2446 forte

470 2467 648 2503 legem-tm
675 2468 727 2501 cit,
760 2477 848 2507 quam
879 2465 932 2505 ipsi
958 2475 1017 2494 non
1042 2462 1198 2503 habemus)
1220 2462 1293 2492 aliis
1319 2461 1519 2491 ornamentis
1540 2459 1724 2489 extrinsecus
1746 2459 1860 2497 petitis

469 2510 633 2541 covc‘lievdw
651 2515 694 2540 mt
711 2515 742 2540 et
761 2509 1015 2548 nompensanda.
1043 2508 1082 2538 R.
1133 2508 1236 2537 Locus
1253 2512 1343 2535 cer‘e
1360 2505 1580 2543 depravatus:
1607 2512 1675 2538 ηος,
1699 2503 1861 2541 probante

471 2556 560 2584 Gesn
574 2564 628 2590 το,
653 2554 842 2586 σοηνίἰεενιᾱα
859 2563 899 2583 ex
914 2551 1077 2583 condienda
1093 2556 1125 2580 et
1138 2549 1317 2580 comlicenda
1334 2548 1548 2586 reposuimus.
1592 2547 1778 2577 Verborum
1796 2546 1862 2576 uti-

471 2607 538 2637 qut·
557 2599 707 2630 arariam,
733 2596 766 2629 in'
781 2602 941 2636 quantum
961 2596 1020 2633 ipsi
1039 2605 1102 2625 non
1121 2595 1292 2630 habemus,
1316 2592 1520 2623 extrinsecus
1537 2595 1571 2622 ct
1586 2591 1628 2621 ab
1644 2589 1718 2620 aliis
1731 2588 1863 2619 mutuari

472 2646 626 2676 ssimum,
652 2647 690 2671 ut
700 2642 769 2679 jam
789 2642 829 2671 de
840 2640 945 2673 {iteris
961 2640 1099 2670 dixerat.
1127 2638 1161 2667 O.

517 2686 568 2722 (2)
595 2685 762 2714 Virtutum
779 2686 851 2715 loco
867 2685 1034 2714 habentes.
1083 2681 1241 2713 Quaedam
1255 2679 1382 2709 scilicet
1397 2679 1508 2718 figurae
1523 2680 1632 2706 essent
1647 2677 1738 2713 vitia,
1756 2675 1781 2705 si
1797 2684 1862 2709 nou

472 2733 676 2767 peterentur.
701 2729 755 2758 sed
770 2729 969 2763 acciderent,
994 2730 1033 2756 ut
1049 2726 1118 2764 ipse
1133 2725 1179 2754 ait
1196 2724 1320 2753 Fabius.
1346 2723 1389 2754 R.
1438 2723 1518 2760 imo,
1541 2721 1634 2752 omnis
1649 2721 1758 2760 figura
1775 2723 1861 2750 esset

471 2771 599 2810 vitium,
624 2773 672 2803 ait
687 2773 808 2804 Fabius
824 2773 845 2804 1.
866 2781 893 2803 c.
912 2771 939 2802 si
956 2780 1018 2802 non
1035 2773 1207 2811 peteretur
1227 2767 1290 2797 &m
1318 2765 1357 2797 05
