2015 3341
474 105 566 144 340
939 113 1036 145 miz.
1071 113 1142 143 xx.
1204 113 1315 144 cn».
1349 103 1427 144 ni.

475 195 754 254 multiplicia,
798 197 995 253 pluribus
1035 197 1286 241 dicendum.
1343 198 1447 241 Tria
1481 203 1626 241 autem
1664 203 1869 254 praestare

479 253 611 295 debet
627 255 946 311 pronuntiatio;
965 255 1188 306 conciliet,
1203 255 1474 312 persuadeat,
1496 264 1690 297 moveat:
1713 253 1870 309 quibus

480 320 633 352 natura
654 313 860 361 cohaeret,
892 321 939 353 ut
959 312 1091 353 etiam
1112 313 1316 353 delectet.
1379 312 1639 354 Conciliatio
1673 312 1762 352 fere
1794 316 1871 349 ant

481 369 861 409 commendatione
895 384 1078 418 morum,
1109 370 1182 423 qui
1212 370 1358 410 nescio
1393 385 1479 424 quo
1514 369 1646 410 modo
1675 383 1729 409 ex
1762 379 1869 407 voce

480 425 612 465 etiam
653 434 782 480 atque
823 426 993 466 actione
1029 425 1265 481 pellucent,
1295 434 1369 467 aut
1410 426 1617 467 orationis
1657 424 1871 466 suavitate

484 489 681 522 constat:
707 482 992 537 persuadendi
1012 483 1073 523 vis
1095 483 1428 533 asseveratione,
1463 498 1561 538 quae
1584 482 1754 523 interim
1776 479 1872 534 plus

483 537 586 592 ipsis
611 540 937 593 probationibus
953 539 1210 580 valet.—-An
1227 541 1307 580 ista
1320 541 1482 595 (inquit
1495 538 1680 580 Callidio
1696 537 1872 585 Cicero)

485 597 517 634 si
545 609 641 636 vera
663 607 821 645 essent,
854 597 914 636 sie
947 612 971 636 a
1006 604 1045 636 te
1079 596 1715 646 dicerentur?——et,—-—Tantum
1737 595 1875 640 abest,

483 658 531 690 ut
555 651 840 693 inflammares
859 660 1026 693 nostros
1046 654 1234 704 animm-‚3
1268 668 1466 694 somnum
1491 654 1572 694 isto
1595 653 1692 693 loco
1716 651 1786 691 vix
1812 658 1875 690 te-

482 709 948 750 nebamuss—Fiducia
969 711 1101 765 igitur
1123 719 1341 766 appareat,
1375 721 1418 750 et
1436 710 1695 759 constantia,
1728 707 1876 762 utique

484 765 516 805 si
540 768 772 807 auctoritas
794 768 954 807 subest.
1016 766 1221 808 Blovemli
1243 775 1387 807 antem
1419 768 1526 807 ratio
1555 775 1630 807 aut
1653 767 1694 806 in
1719 779 1877 819 reprae-

487 824 708 864 scntandis
732 832 798 864 cst
819 832 893 863 aut
914 824 1136 865 imitandis
1153 825 1395 866 affectibus.
1458 824 1591 879 Ergo,
1623 821 1876 877 cumjudex

486 879 529 918 in
556 881 747 935 privatis,
779 892 851 921 aut
876 896 1017 936 praeco
1050 882 1091 921 in
1116 881 1300 938 publicis
1324 882 1468 922 dicere
1498 895 1667 921 causam
1684 878 1879 935 jusserit,

486 935 642 977 leniter
665 938 1038 993 consurgendum:
1073 949 1163 979 tum
1193 940 1235 979 in
1265 938 1569 994 componenda
1586 946 1704 992 toga,
1735 935 1802 977 vel
1827 934 1879 987 (si

488 1007 663 1035 neccsse
686 997 781 1047 erit)
808 997 938 1035 etiam
962 1010 1015 1035 ex
1041 996 1210 1051 integro
1231 996 1481 1051 injicienda,
1513 995 1724 1035 duntaxat
1748 993 1787 1033 in
1805 992 1879 1046 ju·

491 1051 616 1091 (liciis
635 1053 766 1107 (apud
794 1053 1033 1107 principem
1056 1053 1171 1093 enim
1205 1064 1248 1092 et
1282 1053 1555 1106 magistratus
1578 1066 1626 1092 ac
1651 1049 1882 1092 tribunalia

490 1122 577 1147 non
610 1109 769 1162 licebit)
798 1109 973 1164 paulum
997 1119 1060 1149 est
1083 1110 1457 1158 commorandum,
1491 1118 1537 1148 ut
1558 1117 1602 1149 et
1623 1108 1804 1148 amictus
1826 1105 1881 1146 sit

492 1165 731 1215 decentior,
782 1177 825 1206 et
869 1166 1063 1220 protinus
1106 1166 1266 1221 aliquid
1310 1166 1435 1221 spatii
1478 1165 1530 1205 ad
1580 1163 1879 1219 cogitandum.

491 1221 635 1263 Etiam
669 1238 766 1263 cum
794 1223 848 1263 ad
879 1222 1072 1278 jndicem
1098 1237 1176 1263 nos
1209 1223 1565 1271 converterimus,
1596 1229 1641 1261 et
1662 1219 1881 1261 consultus

492 1288 651 1333 praetor
686 1280 927 1334 permiserit
949 1280 1109 1328 dicere,
1142 1294 1225 1320 non
1252 1281 1445 1335 protinus
1468 1286 1533 1319 est
1553 1276 1887 1333 erumpendum,

492 1336 565 1376 scd
589 1336 728 1376 danda
754 1337 891 1376 brevis
911 1337 1167 1391 cogitationi
1192 1351 1324 1377 mora.
1359 1336 1472 1376 Mire
1495 1336 1609 1376 enim
1633 1335 1880 1375 auditurum

494 1393 650 1434 dicturi
682 1409 784 1434 cura
816 1393 1018 1442 delectat,
1051 1401 1095 1433 et
1115 1392 1252 1448 judex
1284 1408 1328 1433 se
1362 1394 1452 1449 ipse
1480 1393 1721 1447 componit.
1782 1391 1886 1432 Hoc

491 1451 692 1506 praecipit
726 1451 944 1491 Homerus
972 1450 1134 1505 lslyssis
1153 1450 1371 1506 exemplo,
1403 1464 1531 1505 quem
1554 1450 1722 1490 stetisse
1743 1447 1884 1489 oeulis

493 1507 537 1546 in
564 1514 717 1548 terram
741 1507 911 1556 defixis,
947 1507 1213 1562 immotoque
1237 1517 1425 1564 sceptro,
1458 1507 1574 1563 prius
1602 1521 1731 1561 quam
1762 1505 1884 1546 illam

493 1563 757 1618 eloquentiae
790 1564 1019 1620 procellam
1053 1564 1311 1613 effunderet,
1345 1564 1467 1605 dicit.
1529 1563 1579 1604 In
1602 1562 1684 1604 hac
1706 1571 1884 1604 cuncta-

495 1621 613 1661 tione
644 1629 743 1662 sunt
764 1621 955 1676 quaedam
987 1636 1071 1662 non
1096 1622 1361 1672 indecentes,
1396 1629 1442 1662 ut
1464 1619 1686 1676 appellant
1708 1619 1887 1670 scenici,

495 1692 651 1730 inorae;
685 1688 813 1734 caput
838 1678 1043 1727 mulcere,
1069 1694 1238 1719 manum
1264 1679 1436 1728 intueri,
1469 1677 1705 1733 infringere
1726 1677 1887 1719 articu-

494 1732 578 1785 los,
611 1736 813 1777 simulare
843 1745 1065 1785 conatum,
1098 1736 1382 1791 suspiratione
1406 1735 1724 1776 solicitudinem
1744 1733 1888 1784 fateri,

498 1801 573 1832 aut
594 1793 708 1846 quod
732 1807 947 1847 quemque
981 1794 1117 1848 magis
1140 1793 1286 1833 decet:
1320 1807 1456 1847 eoque
1488 1792 1666 1841 diutius,
1699 1791 1888 1847 sijudex

498 1851 693 1890 nondum
717 1850 906 1891 intendit
927 1850 1134 1890 animum.
1196 1850 1339 1890 Status
1362 1851 1417 1890 sit
1437 1859 1598 1890 rectus:
1622 1849 1733 1903 aequi
1758 1857 1799 1890 ct
1823 1847 1890 1889 di·

498 1907 616 1947 ducti
642 1907 860 1962 paululum
897 1906 1044 1961 pedes,
1078 1906 1145 1947 vel
1182 1908 1420 1962 procedens
1451 1906 1633 1947 minimo
1666 1913 1889 1947 momento

499 1963 691 2004 sinister:
718 1979 859 2019 genua
883 1971 1014 2012 reeta,
1038 1964 1098 2004 sic
1118 1972 1260 2003 tamen
1282 1974 1326 2003 ut
1349 1978 1433 2003 non
1453 1963 1755 2004 extendantur.
1791 1962 1888 2004 Hu-

500 2022 607 2061 mcri
632 2022 813 2070 remis-si,
847 2020 989 2061 vultus
1026 2035 1214 2070 severus,
1245 2035 1331 2060 non
1366 2030 1562 2070 moestns,
1595 2034 1674 2061 nec
1696 2027 1890 2075 stupens,

500 2091 580 2118 nec
604 2078 855 2133 languidus:
892 2076 1067 2118 brachia
1100 2093 1124 2117 a
1158 2077 1289 2118 latere
1324 2077 1493 2117 modice
1517 2084 1706 2118 remota:
1741 2092 1892 2117 manus

500 2135 685 2181 sinistra,
717 2135 884 2189 qualem
905 2150 1032 2189 supra
1055 2134 1368 2175 demonstravi:
1402 2134 1571 2183 dextra,
1603 2134 1810 2189 cumjam
1829 2134 1894 2174 in-

502 2192 750 2247 cipiendum
775 2192 870 2241 erit,
904 2191 1077 2246 paulum
1099 2191 1265 2246 prolata
1289 2192 1397 2231 ultra
1421 2191 1578 2239 sinum,
1608 2201 1732 2246 gestu
1762 2206 1891 2246 quam

502 2248 839 2297 modestissimo,
881 2248 996 2289 velut
1031 2256 1266 2304 expectans
1289 2247 1462 2303 quando
1493 2248 1789 2303 incipiendum
1823 2249 1894 2289 sit.

505 2305 674 2346 Vitiosa
687 2307 801 2346 cuim
819 2315 915 2345 sunt
932 2305 1018 2354 illa,
1044 2306 1195 2346 intueri
1221 2305 1453 2354 lacunaria,
1472 2306 1700 2360 perfricare
1720 2305 1894 2355 faciem,

505 2370 551 2403 et
578 2364 697 2417 quasi
735 2362 973 2418 improbam
1009 2362 1172 2403 facere:
1209 2362 1384 2403 tendere
1413 2362 1681 2403 confidentia
1707 2361 1894 2411 vultum,

506 2430 594 2467 aut,
615 2435 699 2474 qno
722 2421 774 2460 sit
797 2420 932 2474 magis
951 2427 1110 2468 torum,
1130 2419 1367 2474 superciliis
1389 2419 1679 2475 adstringere:
1713 2417 1896 2474 capillos

507 2493 531 2517 a
551 2477 691 2517 fronte
718 2488 868 2517 contra
890 2484 1083 2516 naturam
1109 2484 1369 2531 retrmngcre,
1401 2484 1449 2516 ut
1471 2477 1524 2516 sit
1547 2477 1697 2517 horror
1719 2476 1788 2516 ille
1813 2483 1896 2517 ter-

507 2535 669 2575 ribilis:
705 2542 811 2583 tum,
846 2533 886 2574 id
911 2534 1025 2588 quod
1050 2533 1194 2574 Graeei
1218 2533 1564 2590 frequentissime
1587 2533 1770 2583 faciunt,
1801 2547 1896 2574 cre-

509 2592 587 2632 bro
611 2592 848 2647 digitorum
873 2591 1172 2645 labiorumque
1201 2600 1319 2631 motu
1345 2590 1651 2631 commentari:
1684 2589 1796 2631 clare
1818 2604 1896 2631 ex-

509 2664 674 2690 creare:
710 2649 866 2704 pedem
893 2648 1077 2689 alterum
1100 2648 1228 2702 longe
1266 2647 1476 2704 proferre:
1510 2655 1674 2702 partein
1703 2656 1819 2701 togae
1841 2647 1900 2687 si-

510 2707 643 2746 nistra
664 2714 830 2747 tenere:
863 2713 974 2746 stare
996 2704 1238 2753 diductum,
1270 2704 1336 2745 vel
1361 2705 1565 2759 rigidum,
1598 2704 1663 2745 vel
1682 2705 1900 2758 supinum,

510 2763 577 2805 vel
601 2763 841 2816 incurvum,
869 2763 941 2811 vel
961 2761 1168 2813 humeris,
1200 2769 1248 2802 ut
1282 2761 1481 2803 luctaturi
1519 2760 1676 2812 solent,
1707 2761 1759 2802 ad
1783 2761 1898 2802 oeci-
