2015 3341
430 214 510 253 118
875 219 972 249 Lm.
1006 220 1072 248 w.
1134 217 1243 248 cat·-
1276 218 1356 247 111.

427 306 717 355 dissuaserim,
747 303 935 345 maxime
956 301 1132 355 quidem
1154 301 1292 351 brevi,
1322 300 1564 357 interjecta,
1596 301 1733 358 qualis
1749 306 1815 343 est

427 364 524 406 illaz
559 361 763 403 Fecerunt
782 359 889 401 servi
912 357 1104 409 Didonis,
1137 357 1249 414 quod
1265 371 1350 398 suos
1367 360 1533 414 quisque
1555 373 1687 400 servos
1705 360 1748 400 ἱιι
1771 372 1814 398 re
1845 397 1847 399 ,

431 417 680 476 talifacere
711 416 928 460 voluisset:
964 415 1136 457 interim
1170 414 1300 469 paulo
1332 414 1551 464 liberiore,
1581 416 1720 471 qualis
1752 423 1818 455 est

432 477 532 518 illa:
568 474 707 516 Nubit
725 488 876 531 genero
899 486 1053 522 socrus,
1086 472 1214 512 nullis
1235 471 1449 526 auspiciis,
1477 471 1607 514 nullis
1629 471 1818 513 auctori-

433 533 522 582 bus,
538 530 726 589 fimestis
747 529 952 572 ominibus
972 529 1165 569 omnium.
1227 527 1358 574 Quod
1377 543 1476 569 cum
1498 530 1553 569 sit
1585 529 1747 569 factum
1769 527 1820 567 iis

432 604 606 646 quoque
640 588 921 644 temporibUS,
952 586 1108 640 quibus
1145 586 1286 626 omnis
1321 584 1374 625 ad
1412 584 1643 626 utilitatem
1678 584 1822 640 potius

433 660 567 702 quam
599 646 653 687 ad
687 644 1022 685 ostentationem
1064 642 1405 698 componebatur
1441 643 1595 686 oratio.
1624 649 1670 682 et
1702 647 1827 681 erant

435 704 581 746 adhuc
612 702 826 744 severiora
850 699 1049 756 judicia3
1080 708 1243 754 quanto
1266 713 1380 739 nunc
1403 696 1649 740 faciendum
1673 697 1826 753 magiS,

434 776 533 803 cum
559 761 601 801 in
626 761 716 816 ipsa
737 758 892 813 capitis
913 766 987 797 aut
1005 755 1274 797 fortunarum
1292 755 1482 811 pericula
1502 755 1655 811 irrupit
1671 754 1827 808 volup·

436 819 530 859 tas?
561 817 644 858 Cui
684 816 905 857 hominum
939 812 1153 855 desiderio
1187 823 1395 868 quantum
1430 812 1520 854 dari
1555 813 1728 862 debeat,
1763 812 1826 863 (1)

437 874 525 916 alio
548 873 645 916 loco
663 874 821 914 dicam.
883 870 1067 913 Interim
1089 869 1254 928 aliquid
1278 869 1594 926 indulgendum
1615 883 1706 911 esse
1724 881 1829 910 con-

438 932 581 974 fiteor.

500 987 690 1030 Multum
713 985 883 1028 confert
905 984 1078 1040 adjecta
1097 984 1207 1025 veris
1239 982 1460 1025 credibilis
1492 997 1634 1025 rerum
1667 982 1831 1037 imago,

439 1061 538 1104 quae
553 1044 671 1086 velut
687 1045 730 1085 in
748 1057 836 1084 rem
852 1048 1108 1099 praesentem
1124 1039 1358 1097 perducere
1378 1039 1603 1081 audientes
1618 1039 1802 1081 videtur.
1820 1068 1831 1079 .

501 1102 569 1144 Ne
584 1101 691 1142 illud
707 1100 883 1156 quidem
900 1099 1148 1155 praeteribO,
1166 1104 1369 1152 quantam
1383 1096 1535 1138 afferat
1555 1097 1685 1138 fidem
1699 1109 1832 1151 expo-

442 1159 590 1201 sitioni
625 1156 833 1199 narrantis
864 1156 1119 1204 auctoritas·,
1151 1168 1280 1209 quam
1311 1154 1465 1194 mereri
1495 1153 1701 1195 debemus
1732 1159 1841 1201 ante,

443 1215 593 1258 omnia
621 1213 798 1270 quidem
818 1212 923 1262 vita,
955 1211 1030 1252 sed
1061 1219 1107 1252 et
1139 1211 1232 1266 ipso
1265 1224 1422 1266 genere
1455 1210 1682 1251 orationis:
1716 1208 1835 1265 quod

444 1287 533 1328 quo
556 1271 687 1312 fuerit
711 1268 899 1326 gravius,
931 1268 1135 1316 sanctius,
1167 1268 1249 1308 hoc
1273 1267 1368 1321 plus
1395 1265 1554 1308 habeat
1575 1280 1749 1308 necesse
1770 1274 1837 1307 est

445 1331 493 1372 in
515 1328 770 1369 affirmando
791 1339 963 1381 quo-:lue
982 1324 1200 1381 ponderis.
1248 1323 1511 1378 Effugienda
1532 1324 1665 1380 igitur
1688 1324 1730 1365 in
1753 1322 1837 1364 hac

445 1386 668 1444 praecipue
704 1392 823 1440 parte
856 1383 995 1422 oannis
1028 1381 1279 1423 calliditatis
1312 1381 1526 1436 suspicio:
1561 1395 1698 1436 neque
1721 1381 1838 1422 enim

447 1459 494 1485 se
526 1457 707 1498 usquam
740 1440 933 1482 custodit
964 1439 1102 1494 magis
1127 1438 1291 1493 judex:
1324 1437 1432 1478 nihil
1455 1438 1651 1479 videatur
1671 1437 1840 1485 fictum,

446 1499 555 1542 nihil
578 1498 836 1541 sollicitum:
867 1496 1015 1538 omnia
1046 1497 1190 1551 potius
1211 1510 1236 1535 a
1256 1509 1399 1545 causa,
1431 1510 1561 1550 quam
1593 1495 1647 1535 ab
1670 1501 1841 1536 oratore

445 1557 646 1614 profecta
667 1554 914 1597 credantur.
946 1553 1030 1594 Sed
1051 1554 1133 1594 hoc
1153 1552 1241 1608 pati
1265 1567 1349 1593 non
1374 1566 1616 1608 possumus,
1638 1562 1682 1593 et
1702 1551 1841 1608 perire

449 1622 587 1656 artem
618 1622 835 1668 putamus,
863 1610 946 1652 nisi
977 1617 1209 1666 appareat:
1242 1623 1342 1650 cum
1373 1609 1544 1651 desinat
1572 1624 1638 1650 ars
1666 1623 1774 1658 esse,
1805 1608 1843 1649 si

450 1680 644 1727 apparet.
706 1668 951 1710 pendemus
972 1682 1026 1708 ex
1048 1666 1191 1716 laude,
1221 1673 1352 1720 atque
1386 1666 1498 1708 hanc
1529 1665 1685 1707 laboris
1706 1664 1843 1706 nostri

452 1728 652 1769 ducimus
685 1740 910 1768 summam.
971 1724 1054 1773 Ita,
1087 1738 1184 1778 quae
1215 1723 1593 1766 circumstantibus
1626 1730 1843 1764 ostentare

455 1785 671 1832 volumus,
695 1782 919 1839 judicibus
938 1781 1174 1836 procliuius,
1209 1811 1218 1821 .
1253 1810 1264 1820 .

512 1841 601 1882 lit.
632 1838 875 1881 ORDINE
905 1839 999 1893 ipso
1020 1837 1309 1878 narrationem
1340 1837 1531 1892 sequitur
1548 1835 1844 1892 confirmatio.-

455 1898 684 1955 probanda
706 1904 804 1937 sunt
826 1895 939 1935 enim
964 1909 1060 1950 quae
1095 1903 1271 1949 propter
1304 1893 1387 1934 hoc
1420 1894 1721 1948 exposuimus:
1754 1893 1847 1943 sed,

456 1969 708 2013 priusquam
730 1953 947 2008 ingrediar
966 1952 1076 1991 hanc
1095 1958 1276 2006 partem,
1307 1965 1445 2006 pauca
1461 1949 1566 1992 mihi
1585 1951 1639 1992 de
1659 1965 1849 2006 quorun-

458 2013 563 2054 dam
588 2012 792 2067 opinione
815 2008 1002 2050 (licenda
1023 2015 1136 2049 sunt.

519 2069 738 2123 Plerisque
781 2066 911 2107 moris
947 2073 1027 2116 est,
1070 2064 1238 2120 prolato
1274 2078 1415 2105 rerum
1455 2064 1624 2115 ordine,
1655 2064 1851 2121 protinus

459 2127 610 2181 utique
633 2125 676 2165 in
695 2125 883 2178 aliquem
911 2122 1060 2163 laetum
1085 2130 1212 2176 atque
1235 2120 1507 2177 plausibilem
1530 2121 1692 2172 locum,
1722 2136 1851 2177 quam

461 2183 653 2225 maxime
679 2182 842 2236 possint
862 2178 1173 2227 favorabiliter,
1205 2192 1448 2219 excurrere.
1507 2179 1638 2224 Quod
1661 2179 1855 2234 quidem,

463 2248 616 2281 natum
638 2239 691 2279 ab
715 2237 1004 2279 ostentatione
1028 2235 1352 2285 declamatoria,
1375 2236 1469 2290 jam
1492 2234 1533 2275 in
1557 2234 1697 2277 forum
1720 2237 1855 2286 venit,

464 2305 698 2354 postquam
721 2308 849 2350 agere
867 2308 1016 2334 causas
1035 2307 1123 2333 non
1142 2291 1194 2332 ad
1220 2292 1452 2333 utilitatem
1469 2291 1756 2347 litigatorum,
1778 2292 1854 2335 sed

467 2353 522 2395 ad
547 2350 1142 2408 patronorumjactationem,
1175 2355 1391 2405 repertum
1411 2355 1498 2400 est3
1531 2364 1600 2400 ne,
1632 2349 1663 2390 si
1699 2364 1855 2405 pressae

467 2410 535 2452 illi
558 2409 716 2465 (qualis
737 2409 894 2463 saepius
915 2406 1200 2457 desideratur)
1223 2405 1478 2447 narrationis
1499 2406 1731 2462 gracilitati
1750 2421 1857 2448 con-

462 2468 619 2524 juncta
636 2472 988 2521 argumentorum
1011 2463 1265 2520 pugnacitas
1283 2462 1428 2514 fuerit,
1450 2462 1596 2505 dilatis
1612 2463 1774 2506 diutius
1791 2464 1860 2505 di-

470 2524 599 2566 cendi
621 2523 914 2578 voluptatibus
935 2521 1072 2561 oratio
1095 2520 1361 2575 refrigescat.

534 2581 583 2622 In
607 2595 693 2635 quo
714 2580 867 2620 vitium
889 2577 997 2619 illud
1015 2585 1096 2625 est,
1118 2576 1234 2632 quod
1257 2578 1348 2618 sine
1365 2576 1613 2618 discrimine
1634 2589 1860 2619 causarum

473 2648 605 2694 atque
629 2636 840 2686 utilitatis,
863 2636 962 2685 hoc,
989 2644 1191 2689 tanquam
1212 2648 1378 2690 semper
1397 2634 1617 2690 expediat,
1641 2642 1714 2676 aut
1729 2634 1862 2677 etiam

451 2712 455 2717 ¹
475 2709 651 2738 necesse
693 2695 763 2743 sit,
805 2692 992 2742 faciunt3
1038 2705 1176 2746 eoque
1217 2690 1433 2732 desumtas
1472 2705 1531 2734 ex
1565 2691 1617 2733 iis
1650 2692 1861 2748 partibu5‚

477 2766 659 2812 quarum
675 2751 784 2793 alius
800 2758 892 2791 erat
906 2749 1045 2799 loom,
1075 2747 1308 2791 sententias
1326 2749 1370 2791 in
1390 2748 1504 2793 hanc
1525 2755 1783 2806 congerunt,
1813 2755 1863 2797 ut

735 2886 788 2928 (1)
810 2885 885 2919 Vid.
904 2884 1082 2918 Prooemium
1097 2884 1147 2919 lib.
1167 2887 1185 2918 8
1204 2889 1233 2917 et
1247 2892 1311 2928 cap.
1330 2887 1360 2917 3.
1378 2884 1505 2925 eiusdem
1521 2883 1599 2917 libri.
