2015 3341
626 58 688 95 ne
714 63 1088 94 nrsr’osr‘rroum
1466 53 1547 98 193

159 150 328 194 medio:
360 154 462 209 quia
481 161 526 195 et
548 153 672 195 initio
693 152 934 195 movendus
956 152 1009 192 sit
1024 150 1182 207 judex,-
1213 155 1257 190 et
1274 163 1442 190 summo
1465 149 1545 190 im-

158 210 396 263 pellendus.
456 211 516 252 At
548 226 624 266 pro
646 225 719 252 reo
748 210 1002 266 plerumque
1030 208 1331 264 gravissimum
1354 207 1546 262 quidque

157 266 343 320 primunr
362 268 624 309 movendum
645 277 725 317 est,
758 281 811 307 ne
830 266 933 306 illud
956 263 1324 321 spectansjudex,
1357 265 1546 317 reliquo-

159 335 253 362 rum
277 324 518 366 defensioni
541 325 596 366 sit
617 324 820 365 aversior.
882 323 1060 363 Interim
1085 331 1229 362 tamen
1263 329 1308 361 et
1342 320 1425 361 boc
1448 335 1546 361 nru-

159 380 335 431 tabstur,
367 381 399 420 si
435 380 597 423 leviora
630 380 702 421 illa
736 379 874 435 palam
900 379 1007 419 falsa
1028 389 1169 427 erunt,
1201 377 1441 433 gravissimi
1463 376 1542 417 de-

158 434 296 477 fensio
330 437 569 478 difficilior:
616 448 676 487 ut,
709 437 802 476 detr
806 446 901 476 reta
938 436 1053 490 prius
1087 435 1409 475 accusatoribus
1441 433 1546 484 fide,

156 493 461 548 aggrediamur
501 495 719 542 ultimum,
742 493 837 547 ὁῇηιῐι
866 491 1090 546 judicibus
1122 492 1269 531 omnia
1303 505 1412 531 vana.
1449 504 1543 532 esse

156 550 443 592 credentibus.
505 550 633 614 Opus·
659 550 742 590 erit
770 558 912 588 tamen
947 548 1218 610 praefatione,
1251 562 1336 602 qua
1356 557 1401 588 et
1430 549 1542 589 ratio

154 605 273 646 redd·
266 615 361 647 ¹rtur·
392 606 511 647 dilati
540 606 745 654 criminis,
774 612 819 645 et
852 605 1129 667 promittatur
1151 604 1362 654 defensio,
1393 618 1448 644 ne
1478 604 1541 655 id,

155 663 270 716 quod
294 677 379 703 non
402 663 546 704 statim
577 663 808 711 diluemus,
841 662 992 701 timere
1015 660 1251 701 videamur.
1311 660 1541 702 Anteactae

152 719 253 759 vitae
275 719 457 760 crimina
476 719 731 782 plerumque
767 718 905 773 prima
926 717 1151 772 purganda
1172 724 1286 766 sunt,
1320 724 1367 757 ut
1400 717 1462 767 id,
1485 717 1541 759 de

151 789 237 828 quo
252 775 411 816 laturus
425 785 489 815 est
503 774 761 816 sententiam
776 773 934 836 judex,
949 773 1097 814 audire
1114 773 1327 828 propitius
1348 773 1492 828 incipi
1484 781 1541 815 a.t

151 831 234 871 Sed
261 831 343 872 hoc
362 846 533 886 quoque
561 847 639 887 pro
662 831 831 872 Vareno
861 829 1015 871 Cicero
1045 830 1088 870 in
1121 830 1322 870 ultimum
1347 830 1539 873 distulit.

149 901 236 928 non
253 889 356 943 quid
376 888 749 953 frequentissime,
755 887 828 929 sed
846 887 950 941 quid
971 894 1062 927 tum
1076 886 1319 942 expediret,
1343 886 1542 929 intuitus.

150 944 261 986 Cum
295 945 479 1001 simplex
504 948 566 998 (l)
597 944 782 986 intentio
814 944 913 993 erit,
946 943 1180 985 videndum
1214 953 1295 993 est,
1325 958 1379 983 an
1405 958 1540 986 unum

147 1000 309 1057 aliquid
333 1002 687 1066 respondeamus,
713 1017 766 1043 an
783 1001 929 1057 plura:
961 1001 993 1042 si
1020 1014 1169 1050 unum,
1201 1000 1243 1041 in
1267 1015 1312 1041 re
1329 1001 1539 1065 quaestio-

147 1071 245 1099 nem
269 1059 559 1110 instituamus,
591 1074 644 1100 an
678 1074 721 1100 rn
756 1059 939 1122 scripto3
972 1058 1005 1099 si
1041 1058 1085 1098 in
1118 1072 1178 1107 re,
1209 1057 1456 1113 negandum
1481 1059 1539 1099 sit

148 1116 264 1180 quod
289 1116 508 1171 objicitur,
540 1131 591 1157 an
617 1116 848 1157 tuendum:
882 1130 916 1156 sr
939 1115 981 1156 in
1005 1115 1183 1170 scripto,
1216 1114 1259 1154 in
1282 1130 1368 1170 qua
1392 1116 1538 1170 specie

141 1173 251 1227 juris
275 1187 363 1229 pu⁰
368 1188 391 1213 n
397 1189 421 1214 -ι
443 1174 511 1222 sit,
532 1181 580 1214 et
599 1173 640 1214 in
659 1187 710 1214 ea
725 1173 781 1214 de
797 1172 952 1237 verbis,
976 1187 1027 1213 an
1043 1171 1283 1221 voluntate,
1305 1179 1539 1226 quaeratur.

147 1229 196 1269 ld
234 1231 292 1271 ita
308 1244 636 1285 consequemur,
669 1230 707 1274 si
727 1230 871 1271 intuiti
893 1228 1117 1278 fuerimus,
1148 1243 1245 1284 quae
1268 1229 1324 1269 sit
1343 1228 1412 1269 lex
1435 1244 1534 1284 quae

145 1285 264 1327 litem
309 1287 460 1336 ficiam
492 1286 577 1327 hoc
613 1297 692 1336 est,
723 1302 808 1342 qua
836 1285 1055 1342 judicium
1093 1286 1147 1326 sit
1183 1285 1532 1328 constitutum..

147 1342 394 1408 conjuncta
415 1344 610 1385 defensio
632 1356 712 1393 est,
736 1343 875 1399 qualis
897 1358 975 1399 pro
992 1342 1197 1393 Rabirio3
1230 1342 1264 1383 si
1287 1342 1536 1394 occidisset,

143 1410 260 1442 recte
282 1401 476 1452 fecisset3
511 1401 583 1441 sed
620 1415 705 1441 non
742 1400 921 1442 occidit.
982 1400 1043 1441 Ut
1079 1412 1178 1440 vero
1210 1399 1349 1440 multa
1379 1407 1534 1442 contra

142 1471 278 1498 uri-rm
301 1458 640 1513 propositionem
679 1457 879 1507 dicimus,
910 1456 1194 1512 cogitandum
1229 1464 1294 1497 est
1327 1457 1532 1512 primurn,

141 1514 350 1569 quidquid
376 1514 459 1555 dici
496 1521 662 1570 potest3
696 1522 787 1556 turn
811 1529 865 1556 ex
898 1491 993 1555 his-0
994 1528 1080 1568 quo
1102 1512 1292 1568 quidque
1321 1514 1418 1554 loco
1441 1514 1530 1562 dici

139 1571 360 1626 expediat,
391 1571 696 1612 ordinandum.
759 1570 807 1612 In
832 1585 918 1626 quo
947 1584 1034 1611 non
1070 1570 1186 1611 idem
1219 1571 1377 1620 sentio,
1410 1572 1530 1625 quod

139 1627 194 1668 dc
230 1628 597 1691 propositionibus
631 1627 760 1684 paulo
794 1638 910 1677 ante,
941 1625 1143 1682 quodque
1175 1626 1229 1668 de
1260 1629 1529 1691 argumentis

136 1685 257 1740 prob
251 1685 394 1726 itionu
402 1699 441 1725 m
466 1685 561 1725 loco
583 1685 793 1734 concessi,
826 1684 1058 1740 aliquando
1087 1698 1165 1724 nos
1198 1684 1388 1739 incipere
1408 1699 1434 1724 a
1454 1685 1529 1726 fir·-

137 1741 366 1783 mioribus:
390 1757 489 1782 narn
513 1743 575 1782 vis
597 1743 885 1798 quaestionum
911 1755 1079 1796 semper
1098 1755 1291 1781 crescere
1311 1741 1458 1790 debet,
1482 1751 1528 1784 et

135 1797 190 1838 ad
216 1800 514 1855 potentissima
536 1800 588 1840 ab
612 1799 911 1839 infirmissimis
931 1797 1170 1854 pervenire,
1193 1799 1281 1838 sive
1299 1808 1398 1839 sunt
1411 1813 1527 1854 eJus-

136 1855 235 1896 dem
259 1857 443 1912 generiS,
475 1856 563 1897 sive
585 1856 758 1898 diversi.
795 1887 804 1897 .
865 1855 1067 1896 Solebam
1093 1855 1179 1896 hoc
1200 1854 1342 1896 faceie
1370 1857 1526 1911 praeci-

135 1927 235 1967 pne,
266 1921 315 1955 ut
335 1913 400 1955 vel
434 1914 488 1954 ab
521 1913 672 1954 ultima
693 1914 835 1969 specie
857 1916 978 1962 (nam
1000 1927 1050 1953 ea
1073 1912 1161 1953 sere
1183 1920 1263 1962 est,
1295 1927 1392 1967 quae
1416 1928 1524 1954 con-

138 1970 243 2012 tinet
265 1974 456 2022 causam)
480 1978 712 2012 retrorsum
735 1984 972 2025 quaererem
989 1984 1157 2024 usque
1146 1969 1200 2010 ad
1236 1984 1416 2025 primam
1442 1985 1522 2026 ge·

132 2027 320 2069 neralem
341 2029 635 2083 quens-tionem,
673 2027 740 2069 vel
764 2042 788 2068 a
809 2041 967 2083 genere
990 2027 1043 2067 ad
1067 2034 1306 2067 extremam
1330 2028 1523 2082 speciem

133 2083 456 2135 descenderem,
488 2085 620 2125 etiarn
649 2085 691 2125 in
721 2085 943 2126 suasoriis.
978 2091 1025 2124 ut
1045 2083 1258 2124 deliberat
1277 2084 1436 2134 Numa,
1467 2099 1524 2126 an

131 2155 312 2197 regnum
343 2141 625 2183 offerentibus
658 2141 868 2182 Romanis
904 2141 1112 2196 recipiat?
1146 2141 1338 2181 Primum
1374 2141 1415 2181 id
1452 2151 1520 2184 est

131 2212 283 2252 genus,
315 2213 367 2239 an
392 2199 689 2254 regnandum?
720 2214 773 2239 an
798 2199 840 2239 in
862 2199 1037 2240 ciuitate
1066 2196 1189 2239 alien
1192 2198 1229 2238 r?
1261 2212 1312 2238 an
1339 2198 1522 2239 Rornae?

132 2269 185 2295 an
220 2255 346 2296 laturi
383 2256 468 2296 sint
505 2256 692 2297 Romani
726 2255 858 2296 vilem
895 2257 1071 2320 regern?
1107 2286 1116 2295 .
1151 2286 1160 2295 .
1221 2254 1438 2304 Solebrrn,
1473 2255 1519 2297 id

129 2311 245 2366 quod
269 2312 361 2353 fieri
383 2320 428 2353 et
458 2313 498 2354 in
523 2314 788 2369 argumentis
811 2312 919 2362 dixi,
950 2314 993 2353 in
1026 2319 1117 2351 tota
1149 2311 1289 2352 facere
1324 2312 1520 2363 materia,

134 2376 197 2418 ut,
222 2369 468 2433 propositis,
487 2380 716 2426 extraquae
736 2369 844 2411 nihil
864 2369 1205 2418 essetomnibus‚
1222 2368 1379 2410 dtinde
1394 2378 1524 2410 caete-

129 2425 187 2465 ris
212 2427 405 2475 remotis,
435 2427 575 2468 solum
596 2427 639 2468 id
664 2436 905 2483 superesset
925 2426 1040 2482 quod
1071 2425 1189 2467 credi
1218 2426 1438 2467 volebam:
1473 2435 1522 2467 ut

131 2481 174 2521 in
210 2483 610 2547 praevaricationum
643 2485 916 2533 criminibus3
950 2494 997 2524 ut
1031 2482 1278 2525 absolvatur
1299 2497 1409 2531 reus,
1443 2494 1519 2525 ant

129 2538 380 2579 innocentia
401 2540 533 2592 ipsius
562 2541 627 2590 fit,
659 2549 733 2581 aut
765 2541 1080 2581 interveniente
1115 2539 1257 2594 aliqua
1285 2547 1517 2594 potestate,

130 2602 205 2635 aut
228 2596 281 2646 vi,
313 2604 387 2635 aut
407 2597 815 2653 cor·r·uptojudici0,
847 2605 922 2639 aut
944 2596 1199 2638 difficultate
1230 2596 1517 2652 probationis,

174 2719 223 2760 (1)
249 2719 331 2751 Cum
349 2720 529 2761 accusatio,
553 2721 701 2762 q'naestio,
726 2721 786 2753 erit
804 2721 955 2762 simplex,
979 2726 1013 2754 et
1028 2732 1128 2753 unum
1146 2721 1270 2762 aliquid
1287 2720 1470 2759 objicietur.

811 2779 839 2806 0
