<?xml version="1.0" encoding="UTF-8"?>
<!DOCTYPE html PUBLIC "-//W3C//DTD XHTML 1.0 Transitional//EN"
    "http://www.w3.org/TR/xhtml1/DTD/xhtml1-transitional.dtd">
<html xmlns="http://www.w3.org/1999/xhtml" xml:lang="en" lang="en">
 <head>
  <title>
</title>
<meta http-equiv="Content-Type" content="text/html;charset=utf-8" />
  <meta name='ocr-system' content='tesseract 3.04.00' />
  <meta name='ocr-capabilities' content='ocr_page ocr_carea ocr_par ocr_line ocrx_word'/>
</head>
<body>
  <div class='ocr_page' id='page_1' title='image "./deinstitutioneor00quinuoft_0076.png"; bbox 0 0 2015 3341; ppageno 0'>
   <div class='ocr_carea' id='block_1_1' title="bbox 451 126 1399 175">
    <p class='ocr_par' dir='ltr' id='par_1_1' title="bbox 451 126 1399 175">
     <span class='ocr_line' id='line_1_1' title="bbox 451 126 1399 175; baseline -0.005 1"><span class='ocrx_word' id='word_1_1' title='bbox 451 126 510 170; x_wconf 76' lang='grc'>56</span> <span class='ocrx_word' id='word_1_2' title='bbox 892 140 992 175; x_wconf 71' lang='lat' dir='ltr'>tm.</span> <span class='ocrx_word' id='word_1_3' title='bbox 1026 146 1079 173; x_wconf 90' lang='lat'>11.</span> <span class='ocrx_word' id='word_1_4' title='bbox 1141 143 1251 173; x_wconf 76' lang='lat' dir='ltr'><strong>cAP.</strong></span> <span class='ocrx_word' id='word_1_5' title='bbox 1283 144 1399 173; x_wconf 78' lang='lat' dir='ltr'>xnr.</span> 
     </span>
    </p>
   </div>
   <div class='ocr_carea' id='block_1_2' title="bbox 456 231 1859 2494">
    <p class='ocr_par' dir='ltr' id='par_1_2' title="bbox 456 231 1845 844">
     <span class='ocr_line' id='line_1_2' title="bbox 515 231 1837 290; baseline -0.002 -18"><span class='ocrx_word' id='word_1_6' title='bbox 515 231 650 280; x_wconf 76' lang='lat' dir='ltr'><strong>XIII.</strong></span> <span class='ocrx_word' id='word_1_7' title='bbox 685 232 767 274; x_wconf 65' lang='lat' dir='ltr'>NE</span> <span class='ocrx_word' id='word_1_8' title='bbox 802 233 886 275; x_wconf 74' lang='lat' dir='ltr'>hoe</span> <span class='ocrx_word' id='word_1_9' title='bbox 921 235 1097 290; x_wconf 87' lang='lat' dir='ltr'>quidem</span> <span class='ocrx_word' id='word_1_10' title='bbox 1133 234 1399 289; x_wconf 79' lang='lat' dir='ltr'>negaverim,</span> <span class='ocrx_word' id='word_1_11' title='bbox 1429 232 1547 287; x_wconf 82' lang='lat' dir='ltr'>sequi</span> <span class='ocrx_word' id='word_1_12' title='bbox 1584 231 1837 287; x_wconf 69' lang='lat' dir='ltr'>pierumque</span> 
     </span>
     <span class='ocr_line' id='line_1_3' title="bbox 456 286 1834 344; baseline -0.001 -17"><span class='ocrx_word' id='word_1_13' title='bbox 456 286 569 333; x_wconf 81' lang='lat' dir='ltr'>hanc</span> <span class='ocrx_word' id='word_1_14' title='bbox 610 289 876 344; x_wconf 72' lang='lat' dir='ltr'>opinionem,</span> <span class='ocrx_word' id='word_1_15' title='bbox 921 299 969 331; x_wconf 77' lang='lat' dir='ltr'>ut</span> <span class='ocrx_word' id='word_1_16' title='bbox 1008 291 1161 331; x_wconf 83' lang='lat' dir='ltr'>fortius</span> <span class='ocrx_word' id='word_1_17' title='bbox 1202 291 1345 335; x_wconf 82' lang='lat' dir='ltr'>dicere</span> <span class='ocrx_word' id='word_1_18' title='bbox 1389 289 1612 330; x_wconf 80' lang='lat' dir='ltr'>videantur</span> <span class='ocrx_word' id='word_1_19' title='bbox 1652 287 1834 328; x_wconf 87' lang='lat' dir='ltr'>indocti.</span> 
     </span>
     <span class='ocr_line' id='line_1_4' title="bbox 459 343 1838 403; baseline -0.001 -19"><span class='ocrx_word' id='word_1_20' title='bbox 459 343 670 394; x_wconf 87' lang='lat' dir='ltr'>Primum,</span> <span class='ocrx_word' id='word_1_21' title='bbox 701 346 808 386; x_wconf 79' lang='lat' dir='ltr'>vitio</span> <span class='ocrx_word' id='word_1_22' title='bbox 843 347 953 387; x_wconf 86' lang='lat' dir='ltr'>male</span> <span class='ocrx_word' id='word_1_23' title='bbox 984 347 1301 403; x_wconf 82' lang='lat' dir='ltr'>judicantium3</span> <span class='ocrx_word' id='word_1_24' title='bbox 1333 346 1405 400; x_wconf 88' lang='lat' dir='ltr'>qui</span> <span class='ocrx_word' id='word_1_25' title='bbox 1442 345 1646 400; x_wconf 79' lang='lat' dir='ltr'>majorem</span> <span class='ocrx_word' id='word_1_26' title='bbox 1682 344 1838 383; x_wconf 84' lang='lat' dir='ltr'>habere</span> 
     </span>
     <span class='ocr_line' id='line_1_5' title="bbox 457 399 1839 457; baseline -0.001 -18"><span class='ocrx_word' id='word_1_27' title='bbox 457 401 546 440; x_wconf 85' lang='lat' dir='ltr'>vim</span> <span class='ocrx_word' id='word_1_28' title='bbox 579 402 762 442; x_wconf 84' lang='lat' dir='ltr'>credunt</span> <span class='ocrx_word' id='word_1_29' title='bbox 797 416 848 442; x_wconf 85' lang='lat' dir='ltr'>ea</span> <span class='ocrx_word' id='word_1_30' title='bbox 879 417 975 457; x_wconf 77' lang='lat' dir='ltr'>quae</span> <span class='ocrx_word' id='word_1_31' title='bbox 1011 418 1093 444; x_wconf 90' lang='lat' dir='ltr'>non</span> <span class='ocrx_word' id='word_1_32' title='bbox 1129 403 1292 444; x_wconf 79' lang='lat' dir='ltr'>habent</span> <span class='ocrx_word' id='word_1_33' title='bbox 1323 413 1480 442; x_wconf 80' lang='lat' dir='ltr'>artem:</span> <span class='ocrx_word' id='word_1_34' title='bbox 1516 409 1562 441; x_wconf 82' lang='lat' dir='ltr'>ut</span> <span class='ocrx_word' id='word_1_35' title='bbox 1591 399 1839 454; x_wconf 80' lang='lat' dir='ltr'>effringere,</span> 
     </span>
     <span class='ocr_line' id='line_1_6' title="bbox 458 456 1839 514; baseline -0.002 -17"><span class='ocrx_word' id='word_1_36' title='bbox 458 471 587 510; x_wconf 85' lang='lat' dir='ltr'>quam</span> <span class='ocrx_word' id='word_1_37' title='bbox 625 459 810 513; x_wconf 84' lang='lat' dir='ltr'>aperire3</span> <span class='ocrx_word' id='word_1_38' title='bbox 854 472 1068 514; x_wconf 79' lang='lat' dir='ltr'>rumpere,</span> <span class='ocrx_word' id='word_1_39' title='bbox 1098 475 1226 514; x_wconf 80' lang='lat' dir='ltr'>quam</span> <span class='ocrx_word' id='word_1_40' title='bbox 1263 458 1449 507; x_wconf 73' lang='lat' dir='ltr'>solvere3</span> <span class='ocrx_word' id='word_1_41' title='bbox 1497 456 1680 504; x_wconf 78' lang='lat' dir='ltr'>trahere,</span> <span class='ocrx_word' id='word_1_42' title='bbox 1711 469 1839 509; x_wconf 86' lang='lat' dir='ltr'>quam</span> 
     </span>
     <span class='ocr_line' id='line_1_7' title="bbox 460 513 1842 569; baseline -0.002 -16"><span class='ocrx_word' id='word_1_43' title='bbox 460 513 633 563; x_wconf 85' lang='lat' dir='ltr'>ducere,</span> <span class='ocrx_word' id='word_1_44' title='bbox 652 522 806 568; x_wconf 80' lang='lat' dir='ltr'>putant</span> <span class='ocrx_word' id='word_1_45' title='bbox 826 515 1056 556; x_wconf 80' lang='lat' dir='ltr'>robustius.</span> <span class='ocrx_word' id='word_1_46' title='bbox 1120 516 1229 556; x_wconf 58' lang='lat' dir='ltr'>Nam</span> <span class='ocrx_word' id='word_1_47' title='bbox 1249 523 1293 555; x_wconf 85' lang='lat' dir='ltr'>et</span> <span class='ocrx_word' id='word_1_48' title='bbox 1311 514 1524 569; x_wconf 74' lang='lat' dir='ltr'>gladiator</span> <span class='ocrx_word' id='word_1_49' title='bbox 1539 513 1610 567; x_wconf 87' lang='lat' dir='ltr'>qui</span> <span class='ocrx_word' id='word_1_50' title='bbox 1627 525 1842 557; x_wconf 75' lang='lat' dir='ltr'>armorum</span> 
     </span>
     <span class='ocr_line' id='line_1_8' title="bbox 461 567 1839 626; baseline -0.001 -18"><span class='ocrx_word' id='word_1_51' title='bbox 461 569 621 611; x_wconf 84' lang='lat' dir='ltr'>inscius</span> <span class='ocrx_word' id='word_1_52' title='bbox 652 571 695 611; x_wconf 86' lang='lat' dir='ltr'>in</span> <span class='ocrx_word' id='word_1_53' title='bbox 720 572 854 611; x_wconf 78' lang='lat' dir='ltr'>rixam</span> <span class='ocrx_word' id='word_1_54' title='bbox 880 572 978 622; x_wconf 87' lang='lat' dir='ltr'>ruit,</span> <span class='ocrx_word' id='word_1_55' title='bbox 1011 581 1055 613; x_wconf 86' lang='lat' dir='ltr'>et</span> <span class='ocrx_word' id='word_1_56' title='bbox 1075 572 1260 612; x_wconf 82' lang='lat' dir='ltr'>luctator</span> <span class='ocrx_word' id='word_1_57' title='bbox 1281 572 1353 626; x_wconf 89' lang='lat' dir='ltr'>qui</span> <span class='ocrx_word' id='word_1_58' title='bbox 1380 571 1510 611; x_wconf 82' lang='lat' dir='ltr'>totius</span> <span class='ocrx_word' id='word_1_59' title='bbox 1531 567 1723 624; x_wconf 83' lang='lat' dir='ltr'>corporis</span> <span class='ocrx_word' id='word_1_60' title='bbox 1745 568 1839 607; x_wconf 74' lang='lat' dir='ltr'>nisu</span> 
     </span>
     <span class='ocr_line' id='line_1_9' title="bbox 462 625 1842 681; baseline -0.003 -15"><span class='ocrx_word' id='word_1_61' title='bbox 462 625 508 666; x_wconf 88' lang='lat' dir='ltr'>in</span> <span class='ocrx_word' id='word_1_62' title='bbox 529 626 571 673; x_wconf 86' lang='lat' dir='ltr'>id</span> <span class='ocrx_word' id='word_1_63' title='bbox 594 627 709 681; x_wconf 85' lang='lat' dir='ltr'>quod</span> <span class='ocrx_word' id='word_1_64' title='bbox 733 627 863 667; x_wconf 82' lang='lat' dir='ltr'>semel</span> <span class='ocrx_word' id='word_1_65' title='bbox 880 629 1035 669; x_wconf 79' lang='lat' dir='ltr'>invasit</span> <span class='ocrx_word' id='word_1_66' title='bbox 1050 629 1278 676; x_wconf 82' lang='lat' dir='ltr'><strong>incumbit,</strong></span> <span class='ocrx_word' id='word_1_67' title='bbox 1310 629 1460 671; x_wconf 75' lang='lat' dir='ltr'>fortior</span> <span class='ocrx_word' id='word_1_68' title='bbox 1482 627 1535 666; x_wconf 82' lang='lat' dir='ltr'>ab</span> <span class='ocrx_word' id='word_1_69' title='bbox 1555 625 1621 665; x_wconf 75' lang='lat' dir='ltr'>his</span> <span class='ocrx_word' id='word_1_70' title='bbox 1642 630 1842 673; x_wconf 76' lang='lat' dir='ltr'>vocatur3</span> 
     </span>
     <span class='ocr_line' id='line_1_10' title="bbox 459 680 1845 741; baseline -0.002 -19"><span class='ocrx_word' id='word_1_71' title='bbox 459 696 557 723; x_wconf 84' lang='lat' dir='ltr'>cum</span> <span class='ocrx_word' id='word_1_72' title='bbox 577 683 747 724; x_wconf 85' lang='lat' dir='ltr'>interim</span> <span class='ocrx_word' id='word_1_73' title='bbox 765 684 894 724; x_wconf 87' lang='lat' dir='ltr'>ethic</span> <span class='ocrx_word' id='word_1_74' title='bbox 909 683 1154 741; x_wconf 83' lang='lat' dir='ltr'>frequenter</span> <span class='ocrx_word' id='word_1_75' title='bbox 1170 686 1254 725; x_wconf 82' lang='lat' dir='ltr'>suis</span> <span class='ocrx_word' id='word_1_76' title='bbox 1271 685 1428 725; x_wconf 81' lang='lat' dir='ltr'>viribus</span> <span class='ocrx_word' id='word_1_77' title='bbox 1442 683 1532 737; x_wconf 77' lang='lat' dir='ltr'>ipse</span> <span class='ocrx_word' id='word_1_78' title='bbox 1547 680 1845 737; x_wconf 79' lang='lat' dir='ltr'>prosternitur,</span> 
     </span>
     <span class='ocr_line' id='line_1_11' title="bbox 463 736 1844 798; baseline -0.003 -19"><span class='ocrx_word' id='word_1_79' title='bbox 463 746 509 779; x_wconf 85' lang='lat' dir='ltr'>et</span> <span class='ocrx_word' id='word_1_80' title='bbox 536 739 656 780; x_wconf 74' lang='lat' dir='ltr'>illum</span> <span class='ocrx_word' id='word_1_81' title='bbox 680 740 947 782; x_wconf 82' lang='lat' dir='ltr'>vehementis</span> <span class='ocrx_word' id='word_1_82' title='bbox 969 743 1155 798; x_wconf 73' lang='lat' dir='ltr'>impetus</span> <span class='ocrx_word' id='word_1_83' title='bbox 1175 741 1338 798; x_wconf 80' lang='lat' dir='ltr'>excipit</span> <span class='ocrx_word' id='word_1_84' title='bbox 1357 739 1586 783; x_wconf 76' lang='lat' dir='ltr'>adversarii</span> <span class='ocrx_word' id='word_1_85' title='bbox 1615 736 1756 779; x_wconf 78' lang='lat' dir='ltr'>mollis</span> <span class='ocrx_word' id='word_1_86' title='bbox 1782 739 1844 789; x_wconf 85' lang='lat'>(1)</span> 
     </span>
     <span class='ocr_line' id='line_1_12' title="bbox 467 795 1039 844; baseline 0.009 -8"><span class='ocrx_word' id='word_1_87' title='bbox 467 795 689 844; x_wconf 73' lang='lat' dir='ltr'>articulus,</span> <span class='ocrx_word' id='word_1_88' title='bbox 835 809 839 813; x_wconf 70' lang='lat'><strong><em>‘</em></strong></span> <span class='ocrx_word' id='word_1_89' title='bbox 1036 800 1039 802; x_wconf 61' lang='grc'>’</span> 
     </span>
    </p>

    <p class='ocr_par' dir='ltr' id='par_1_3' title="bbox 463 851 1848 1078">
     <span class='ocr_line' id='line_1_13' title="bbox 519 851 1848 911; baseline 0 -19"><span class='ocrx_word' id='word_1_90' title='bbox 519 852 602 893; x_wconf 85' lang='lat' dir='ltr'>Sed</span> <span class='ocrx_word' id='word_1_91' title='bbox 626 862 726 895; x_wconf 84' lang='lat' dir='ltr'>sunt</span> <span class='ocrx_word' id='word_1_92' title='bbox 746 853 786 894; x_wconf 90' lang='lat' dir='ltr'>in</span> <span class='ocrx_word' id='word_1_93' title='bbox 809 853 892 895; x_wconf 83' lang='lat' dir='ltr'>hae</span> <span class='ocrx_word' id='word_1_94' title='bbox 912 864 1050 911; x_wconf 80' lang='lat' dir='ltr'>parte,</span> <span class='ocrx_word' id='word_1_95' title='bbox 1080 869 1176 911; x_wconf 82' lang='lat' dir='ltr'>quae</span> <span class='ocrx_word' id='word_1_96' title='bbox 1198 854 1420 910; x_wconf 83' lang='lat' dir='ltr'>imperitos</span> <span class='ocrx_word' id='word_1_97' title='bbox 1441 852 1569 894; x_wconf 83' lang='lat' dir='ltr'>etiam</span> <span class='ocrx_word' id='word_1_98' title='bbox 1596 851 1848 894; x_wconf 81' lang='lat' dir='ltr'>naturaliter</span> 
     </span>
     <span class='ocr_line' id='line_1_14' title="bbox 464 907 1846 966; baseline -0.001 -16"><span class='ocrx_word' id='word_1_99' title='bbox 464 907 630 950; x_wconf 76' lang='lat' dir='ltr'>fallant.</span> <span class='ocrx_word' id='word_1_100' title='bbox 692 910 805 951; x_wconf 84' lang='lat' dir='ltr'>Nam</span> <span class='ocrx_word' id='word_1_101' title='bbox 827 922 871 952; x_wconf 82' lang='lat' dir='ltr'>et</span> <span class='ocrx_word' id='word_1_102' title='bbox 892 911 1062 962; x_wconf 81' lang='lat' dir='ltr'>divisio,</span> <span class='ocrx_word' id='word_1_103' title='bbox 1095 926 1192 952; x_wconf 87' lang='lat' dir='ltr'>cum</span> <span class='ocrx_word' id='word_1_104' title='bbox 1213 911 1442 966; x_wconf 79' lang='lat' dir='ltr'>plurimum</span> <span class='ocrx_word' id='word_1_105' title='bbox 1466 909 1604 949; x_wconf 81' lang='lat' dir='ltr'>valeat</span> <span class='ocrx_word' id='word_1_106' title='bbox 1626 909 1666 950; x_wconf 90' lang='lat' dir='ltr'>in</span> <span class='ocrx_word' id='word_1_107' title='bbox 1690 908 1846 958; x_wconf 82' lang='lat' dir='ltr'>causis,</span> 
     </span>
     <span class='ocr_line' id='line_1_15' title="bbox 463 966 1848 1024; baseline 0 -18"><span class='ocrx_word' id='word_1_108' title='bbox 463 966 652 1021; x_wconf 88' lang='lat' dir='ltr'>speciem</span> <span class='ocrx_word' id='word_1_109' title='bbox 675 967 828 1007; x_wconf 87' lang='lat' dir='ltr'>virium</span> <span class='ocrx_word' id='word_1_110' title='bbox 850 969 1021 1018; x_wconf 81' lang='lat' dir='ltr'>minuit,</span> <span class='ocrx_word' id='word_1_111' title='bbox 1053 976 1097 1009; x_wconf 76' lang='lat' dir='ltr'>et</span> <span class='ocrx_word' id='word_1_112' title='bbox 1117 968 1239 1009; x_wconf 87' lang='lat' dir='ltr'>rudia</span> <span class='ocrx_word' id='word_1_113' title='bbox 1261 968 1404 1024; x_wconf 80' lang='lat' dir='ltr'>politis</span> <span class='ocrx_word' id='word_1_114' title='bbox 1428 967 1606 1022; x_wconf 84' lang='lat' dir='ltr'>majora,</span> <span class='ocrx_word' id='word_1_115' title='bbox 1637 974 1681 1006; x_wconf 86' lang='lat' dir='ltr'>et</span> <span class='ocrx_word' id='word_1_116' title='bbox 1703 980 1848 1021; x_wconf 77' lang='lat' dir='ltr'>sparsa</span> 
     </span>
     <span class='ocr_line' id='line_1_16' title="bbox 463 1023 1496 1078; baseline 0.003 -16"><span class='ocrx_word' id='word_1_117' title='bbox 463 1023 716 1078; x_wconf 77' lang='lat' dir='ltr'>compositis</span> <span class='ocrx_word' id='word_1_118' title='bbox 734 1026 1029 1066; x_wconf 76' lang='lat' dir='ltr'>numerosiora</span> <span class='ocrx_word' id='word_1_119' title='bbox 1050 1025 1298 1065; x_wconf 82' lang='lat' dir='ltr'>creduntur.</span> <span class='ocrx_word' id='word_1_120' title='bbox 1494 1024 1496 1027; x_wconf 75' lang='grc'><strong>’</strong></span> 
     </span>
    </p>

    <p class='ocr_par' dir='ltr' id='par_1_4' title="bbox 462 1078 1853 1459">
     <span class='ocr_line' id='line_1_17' title="bbox 520 1078 1845 1135; baseline -0.001 -16"><span class='ocrx_word' id='word_1_121' title='bbox 520 1078 599 1120; x_wconf 80' lang='lat' dir='ltr'>Est</span> <span class='ocrx_word' id='word_1_122' title='bbox 630 1090 839 1134; x_wconf 80' lang='lat' dir='ltr'>praeterea</span> <span class='ocrx_word' id='word_1_123' title='bbox 868 1081 1068 1135; x_wconf 81' lang='lat' dir='ltr'>quaedam</span> <span class='ocrx_word' id='word_1_124' title='bbox 1100 1083 1307 1122; x_wconf 81' lang='lat' dir='ltr'>virtutum</span> <span class='ocrx_word' id='word_1_125' title='bbox 1342 1080 1630 1134; x_wconf 83' lang='lat' dir='ltr'>vitiorumque</span> <span class='ocrx_word' id='word_1_126' title='bbox 1665 1078 1845 1129; x_wconf 77' lang='lat' dir='ltr'>vicinia3</span> 
     </span>
     <span class='ocr_line' id='line_1_18' title="bbox 463 1135 1848 1192; baseline -0.001 -17"><span class='ocrx_word' id='word_1_127' title='bbox 463 1148 546 1189; x_wconf 86' lang='lat' dir='ltr'>qua</span> <span class='ocrx_word' id='word_1_128' title='bbox 581 1135 816 1177; x_wconf 76' lang='lat' dir='ltr'>maledicus</span> <span class='ocrx_word' id='word_1_129' title='bbox 851 1152 927 1192; x_wconf 91' lang='lat' dir='ltr'>pro</span> <span class='ocrx_word' id='word_1_130' title='bbox 963 1138 1116 1187; x_wconf 88' lang='lat' dir='ltr'>libero,</span> <span class='ocrx_word' id='word_1_131' title='bbox 1148 1137 1399 1177; x_wconf 84' lang='lat' dir='ltr'>temerarius</span> <span class='ocrx_word' id='word_1_132' title='bbox 1430 1150 1507 1191; x_wconf 90' lang='lat' dir='ltr'>pro</span> <span class='ocrx_word' id='word_1_133' title='bbox 1539 1135 1656 1185; x_wconf 82' lang='lat' dir='ltr'>forti,</span> <span class='ocrx_word' id='word_1_134' title='bbox 1688 1135 1848 1182; x_wconf 82' lang='lat' dir='ltr'>effusus</span> 
     </span>
     <span class='ocr_line' id='line_1_19' title="bbox 462 1191 1850 1249; baseline -0.001 -17"><span class='ocrx_word' id='word_1_135' title='bbox 462 1205 541 1246; x_wconf 88' lang='lat' dir='ltr'>pro</span> <span class='ocrx_word' id='word_1_136' title='bbox 564 1192 743 1247; x_wconf 84' lang='lat' dir='ltr'>copioso</span> <span class='ocrx_word' id='word_1_137' title='bbox 764 1194 990 1249; x_wconf 80' lang='lat' dir='ltr'>accipitur.</span> <span class='ocrx_word' id='word_1_138' title='bbox 1051 1193 1284 1235; x_wconf 78' lang='lat' dir='ltr'>Maledicit</span> <span class='ocrx_word' id='word_1_139' title='bbox 1303 1203 1444 1241; x_wconf 77' lang='lat' dir='ltr'>autem</span> <span class='ocrx_word' id='word_1_140' title='bbox 1467 1191 1702 1239; x_wconf 77' lang='lat' dir='ltr'>ineruditus</span> <span class='ocrx_word' id='word_1_141' title='bbox 1726 1206 1850 1246; x_wconf 83' lang='lat' dir='ltr'>aper-</span> 
     </span>
     <span class='ocr_line' id='line_1_20' title="bbox 464 1247 1850 1304; baseline -0.001 -16"><span class='ocrx_word' id='word_1_142' title='bbox 464 1248 565 1298; x_wconf 78' lang='lat' dir='ltr'>tius,</span> <span class='ocrx_word' id='word_1_143' title='bbox 597 1257 642 1288; x_wconf 82' lang='lat' dir='ltr'>et</span> <span class='ocrx_word' id='word_1_144' title='bbox 669 1249 815 1304; x_wconf 80' lang='lat' dir='ltr'>saepius</span> <span class='ocrx_word' id='word_1_145' title='bbox 839 1250 906 1291; x_wconf 88' lang='lat' dir='ltr'>vel</span> <span class='ocrx_word' id='word_1_146' title='bbox 941 1265 1039 1291; x_wconf 90' lang='lat' dir='ltr'>cum</span> <span class='ocrx_word' id='word_1_147' title='bbox 1074 1249 1266 1304; x_wconf 81' lang='lat' dir='ltr'>periculo</span> <span class='ocrx_word' id='word_1_148' title='bbox 1299 1248 1485 1304; x_wconf 84' lang='lat' dir='ltr'>suscepti</span> <span class='ocrx_word' id='word_1_149' title='bbox 1518 1252 1582 1299; x_wconf 72' lang='lat' dir='ltr'>(Q)</span> <span class='ocrx_word' id='word_1_150' title='bbox 1604 1247 1850 1303; x_wconf 79' lang='lat' dir='ltr'>litigatoris,</span> 
     </span>
     <span class='ocr_line' id='line_1_21' title="bbox 463 1304 1853 1360; baseline 0 -16"><span class='ocrx_word' id='word_1_151' title='bbox 463 1304 711 1359; x_wconf 85' lang='lat' dir='ltr'>frequenter</span> <span class='ocrx_word' id='word_1_152' title='bbox 729 1306 859 1346; x_wconf 84' lang='lat' dir='ltr'>etiam</span> <span class='ocrx_word' id='word_1_153' title='bbox 883 1321 974 1353; x_wconf 77' lang='lat' dir='ltr'>suo.</span> <span class='ocrx_word' id='word_1_154' title='bbox 1036 1306 1178 1347; x_wconf 85' lang='lat' dir='ltr'>Affert</span> <span class='ocrx_word' id='word_1_155' title='bbox 1198 1313 1241 1346; x_wconf 83' lang='lat' dir='ltr'>et</span> <span class='ocrx_word' id='word_1_156' title='bbox 1264 1306 1343 1346; x_wconf 80' lang='lat' dir='ltr'>ista</span> <span class='ocrx_word' id='word_1_157' title='bbox 1366 1321 1431 1346; x_wconf 86' lang='lat' dir='ltr'>res</span> <span class='ocrx_word' id='word_1_158' title='bbox 1453 1305 1718 1360; x_wconf 83' lang='lat' dir='ltr'>opinionem,</span> <span class='ocrx_word' id='word_1_159' title='bbox 1750 1305 1853 1359; x_wconf 83' lang='lat' dir='ltr'>quia.</span> 
     </span>
     <span class='ocr_line' id='line_1_22' title="bbox 463 1360 1851 1419; baseline -0.001 -17"><span class='ocrx_word' id='word_1_160' title='bbox 463 1360 745 1407; x_wconf 77' lang='lat' dir='ltr'>libentissime</span> <span class='ocrx_word' id='word_1_161' title='bbox 768 1361 964 1405; x_wconf 87' lang='lat' dir='ltr'>homines</span> <span class='ocrx_word' id='word_1_162' title='bbox 996 1363 1178 1404; x_wconf 83' lang='lat' dir='ltr'>audiunt</span> <span class='ocrx_word' id='word_1_163' title='bbox 1205 1377 1270 1413; x_wconf 87' lang='lat' dir='ltr'>ea,</span> <span class='ocrx_word' id='word_1_164' title='bbox 1303 1377 1398 1419; x_wconf 89' lang='lat' dir='ltr'>quae</span> <span class='ocrx_word' id='word_1_165' title='bbox 1432 1362 1576 1403; x_wconf 85' lang='lat' dir='ltr'>dicere</span> <span class='ocrx_word' id='word_1_166' title='bbox 1609 1361 1689 1417; x_wconf 86' lang='lat' dir='ltr'>ipsi</span> <span class='ocrx_word' id='word_1_167' title='bbox 1723 1360 1851 1402; x_wconf 88' lang='lat' dir='ltr'>nolu-.</span> 
     </span>
     <span class='ocr_line' id='line_1_23' title="bbox 465 1425 612 1459; baseline 0 -1"><span class='ocrx_word' id='word_1_168' title='bbox 465 1425 612 1459; x_wconf 79' lang='lat' dir='ltr'>lssent.</span> 
     </span>
    </p>

    <p class='ocr_par' dir='ltr' id='par_1_5' title="bbox 464 1473 1854 1759">
     <span class='ocr_line' id='line_1_24' title="bbox 523 1473 1851 1532; baseline -0.001 -17"><span class='ocrx_word' id='word_1_169' title='bbox 523 1474 638 1515; x_wconf 88' lang='lat' dir='ltr'>Illud</span> <span class='ocrx_word' id='word_1_170' title='bbox 679 1490 850 1530; x_wconf 87' lang='lat' dir='ltr'>quoque</span> <span class='ocrx_word' id='word_1_171' title='bbox 891 1475 1088 1528; x_wconf 83' lang='lat' dir='ltr'>alterum,</span> <span class='ocrx_word' id='word_1_172' title='bbox 1122 1475 1237 1532; x_wconf 87' lang='lat' dir='ltr'>quod</span> <span class='ocrx_word' id='word_1_173' title='bbox 1274 1483 1340 1517; x_wconf 80' lang='lat' dir='ltr'>est</span> <span class='ocrx_word' id='word_1_174' title='bbox 1375 1475 1418 1517; x_wconf 91' lang='lat' dir='ltr'>in</span> <span class='ocrx_word' id='word_1_175' title='bbox 1455 1473 1702 1515; x_wconf 80' lang='lat' dir='ltr'>elocutione</span> <span class='ocrx_word' id='word_1_176' title='bbox 1742 1473 1851 1529; x_wconf 80' lang='lat' dir='ltr'>ipsa,</span> 
     </span>
     <span class='ocr_line' id='line_1_25' title="bbox 464 1530 1852 1588; baseline -0.001 -16"><span class='ocrx_word' id='word_1_177' title='bbox 464 1532 707 1587; x_wconf 81' lang='lat' dir='ltr'>perieulum</span> <span class='ocrx_word' id='word_1_178' title='bbox 746 1534 885 1574; x_wconf 87' lang='lat' dir='ltr'>minus</span> <span class='ocrx_word' id='word_1_179' title='bbox 927 1534 1048 1583; x_wconf 80' lang='lat' dir='ltr'>vitat,</span> <span class='ocrx_word' id='word_1_180' title='bbox 1092 1533 1155 1588; x_wconf 80' lang='lat'>(3)</span> <span class='ocrx_word' id='word_1_181' title='bbox 1194 1542 1460 1587; x_wconf 82' lang='lat' dir='ltr'>conaturque</span> <span class='ocrx_word' id='word_1_182' title='bbox 1497 1531 1679 1587; x_wconf 86' lang='lat' dir='ltr'>perdite.</span> <span class='ocrx_word' id='word_1_183' title='bbox 1742 1530 1852 1571; x_wconf 89' lang='lat' dir='ltr'>Inde</span> 
     </span>
     <span class='ocr_line' id='line_1_26' title="bbox 466 1587 1850 1645; baseline 0 -17"><span class='ocrx_word' id='word_1_184' title='bbox 466 1589 611 1629; x_wconf 74' lang='lat' dir='ltr'>evenit</span> <span class='ocrx_word' id='word_1_185' title='bbox 632 1603 957 1645; x_wconf 82' lang='lat' dir='ltr'>nonnunquam,</span> <span class='ocrx_word' id='word_1_186' title='bbox 977 1598 1023 1630; x_wconf 87' lang='lat' dir='ltr'>ut</span> <span class='ocrx_word' id='word_1_187' title='bbox 1045 1589 1209 1645; x_wconf 84' lang='lat' dir='ltr'>aliquid</span> <span class='ocrx_word' id='word_1_188' title='bbox 1232 1589 1394 1645; x_wconf 78' lang='lat' dir='ltr'>grande</span> <span class='ocrx_word' id='word_1_189' title='bbox 1418 1588 1624 1637; x_wconf 86' lang='lat' dir='ltr'>inveniat,</span> <span class='ocrx_word' id='word_1_190' title='bbox 1641 1587 1714 1642; x_wconf 83' lang='lat' dir='ltr'>qui</span> <span class='ocrx_word' id='word_1_191' title='bbox 1737 1601 1850 1628; x_wconf 70' lang='lat' dir='ltr'>sem-2</span> 
     </span>
     <span class='ocr_line' id='line_1_27' title="bbox 466 1645 1854 1701; baseline 0.001 -16"><span class='ocrx_word' id='word_1_192' title='bbox 466 1659 543 1700; x_wconf 84' lang='lat' dir='ltr'>per</span> <span class='ocrx_word' id='word_1_193' title='bbox 565 1647 720 1700; x_wconf 83' lang='lat' dir='ltr'>quaerit</span> <span class='ocrx_word' id='word_1_194' title='bbox 745 1646 861 1701; x_wconf 88' lang='lat' dir='ltr'>quod</span> <span class='ocrx_word' id='word_1_195' title='bbox 893 1647 1076 1689; x_wconf 87' lang='lat' dir='ltr'>nimium</span> <span class='ocrx_word' id='word_1_196' title='bbox 1107 1658 1186 1688; x_wconf 73' lang='lat' dir='ltr'>est.</span> <span class='ocrx_word' id='word_1_197' title='bbox 1250 1645 1405 1688; x_wconf 85' lang='lat' dir='ltr'>Verum</span> <span class='ocrx_word' id='word_1_198' title='bbox 1432 1654 1476 1686; x_wconf 89' lang='lat' dir='ltr'>et</span> <span class='ocrx_word' id='word_1_199' title='bbox 1497 1659 1591 1686; x_wconf 85' lang='lat' dir='ltr'>raro</span> <span class='ocrx_word' id='word_1_200' title='bbox 1615 1646 1775 1695; x_wconf 84' lang='lat' dir='ltr'>evenit,</span> <span class='ocrx_word' id='word_1_201' title='bbox 1806 1652 1854 1687; x_wconf 75' lang='lat' dir='ltr'>et</span> 
     </span>
     <span class='ocr_line' id='line_1_28' title="bbox 468 1703 1001 1759; baseline 0.004 -17"><span class='ocrx_word' id='word_1_202' title='bbox 468 1712 587 1743; x_wconf 88' lang='lat' dir='ltr'>certa</span> <span class='ocrx_word' id='word_1_203' title='bbox 608 1703 712 1743; x_wconf 80' lang='lat' dir='ltr'>vitia</span> <span class='ocrx_word' id='word_1_204' title='bbox 732 1717 815 1743; x_wconf 90' lang='lat' dir='ltr'>non</span> <span class='ocrx_word' id='word_1_205' title='bbox 838 1713 1001 1759; x_wconf 84' lang='lat' dir='ltr'>pensat.</span> 
     </span>
    </p>

    <p class='ocr_par' dir='ltr' id='par_1_6' title="bbox 467 1756 1854 1921">
     <span class='ocr_line' id='line_1_29' title="bbox 528 1756 1853 1817; baseline -0.002 -18"><span class='ocrx_word' id='word_1_206' title='bbox 528 1759 711 1814; x_wconf 80' lang='lat' dir='ltr'>Propter</span> <span class='ocrx_word' id='word_1_207' title='bbox 734 1759 816 1800; x_wconf 86' lang='lat' dir='ltr'>hoc</span> <span class='ocrx_word' id='word_1_208' title='bbox 838 1775 1007 1817; x_wconf 87' lang='lat' dir='ltr'>quoque</span> <span class='ocrx_word' id='word_1_209' title='bbox 1030 1759 1245 1802; x_wconf 88' lang='lat' dir='ltr'>interdum</span> <span class='ocrx_word' id='word_1_210' title='bbox 1266 1759 1468 1801; x_wconf 86' lang='lat' dir='ltr'>videntur</span> <span class='ocrx_word' id='word_1_211' title='bbox 1490 1757 1654 1801; x_wconf 87' lang='lat' dir='ltr'>indocti</span> <span class='ocrx_word' id='word_1_212' title='bbox 1679 1756 1853 1812; x_wconf 83' lang='lat' dir='ltr'>copiam</span> 
     </span>
     <span class='ocr_line' id='line_1_30' title="bbox 467 1813 1854 1873; baseline 0.001 -18"><span class='ocrx_word' id='word_1_213' title='bbox 467 1813 628 1862; x_wconf 85' lang='lat' dir='ltr'>habere</span> <span class='ocrx_word' id='word_1_214' title='bbox 651 1816 872 1872; x_wconf 85' lang='lat' dir='ltr'>majorem,</span> <span class='ocrx_word' id='word_1_215' title='bbox 903 1818 1019 1873; x_wconf 85' lang='lat' dir='ltr'>quod</span> <span class='ocrx_word' id='word_1_216' title='bbox 1042 1817 1190 1858; x_wconf 83' lang='lat' dir='ltr'>dicunt</span> <span class='ocrx_word' id='word_1_217' title='bbox 1208 1818 1373 1858; x_wconf 77' lang='lat' dir='ltr'>omnia:</span> <span class='ocrx_word' id='word_1_218' title='bbox 1397 1815 1537 1856; x_wconf 77' lang='lat' dir='ltr'>doctis</span> <span class='ocrx_word' id='word_1_219' title='bbox 1554 1824 1618 1856; x_wconf 80' lang='lat' dir='ltr'>est</span> <span class='ocrx_word' id='word_1_220' title='bbox 1635 1822 1679 1854; x_wconf 88' lang='lat' dir='ltr'>et</span> <span class='ocrx_word' id='word_1_221' title='bbox 1697 1813 1854 1856; x_wconf 83' lang='lat' dir='ltr'>electio</span> 
     </span>
     <span class='ocr_line' id='line_1_31' title="bbox 471 1872 706 1921; baseline -0.004 -8"><span class='ocrx_word' id='word_1_222' title='bbox 471 1882 517 1921; x_wconf 85' lang='lat' dir='ltr'>et</span> <span class='ocrx_word' id='word_1_223' title='bbox 538 1872 706 1920; x_wconf 85' lang='lat' dir='ltr'>modus.</span> 
     </span>
    </p>

    <p class='ocr_par' dir='ltr' id='par_1_7' title="bbox 472 1926 1859 2494">
     <span class='ocr_line' id='line_1_32' title="bbox 529 1926 1855 1986; baseline -0.002 -17"><span class='ocrx_word' id='word_1_224' title='bbox 529 1929 613 1977; x_wconf 87' lang='lat' dir='ltr'>His</span> <span class='ocrx_word' id='word_1_225' title='bbox 635 1930 820 1980; x_wconf 86' lang='lat' dir='ltr'>accedit,</span> <span class='ocrx_word' id='word_1_226' title='bbox 853 1930 967 1986; x_wconf 89' lang='lat' dir='ltr'>quod</span> <span class='ocrx_word' id='word_1_227' title='bbox 993 1945 1017 1970; x_wconf 85' lang='lat' dir='ltr'>a</span> <span class='ocrx_word' id='word_1_228' title='bbox 1039 1946 1139 1971; x_wconf 85' lang='lat' dir='ltr'>cura</span> <span class='ocrx_word' id='word_1_229' title='bbox 1162 1929 1346 1971; x_wconf 84' lang='lat' dir='ltr'>docendi</span> <span class='ocrx_word' id='word_1_230' title='bbox 1370 1928 1482 1984; x_wconf 86' lang='lat' dir='ltr'>quod</span> <span class='ocrx_word' id='word_1_231' title='bbox 1509 1926 1855 1969; x_wconf 79' lang='lat' dir='ltr'>intenderintre-</span> 
     </span>
     <span class='ocr_line' id='line_1_33' title="bbox 475 1985 1855 2043; baseline -0.001 -18"><span class='ocrx_word' id='word_1_232' title='bbox 475 1985 652 2027; x_wconf 85' lang='lat' dir='ltr'>cedunt.</span> <span class='ocrx_word' id='word_1_233' title='bbox 715 1987 865 2043; x_wconf 82' lang='lat' dir='ltr'>Itaque</span> <span class='ocrx_word' id='word_1_234' title='bbox 899 1987 1002 2028; x_wconf 87' lang='lat' dir='ltr'>illud</span> <span class='ocrx_word' id='word_1_235' title='bbox 1035 1988 1324 2042; x_wconf 73' lang='lat' dir='ltr'>quaestionum</span> <span class='ocrx_word' id='word_1_236' title='bbox 1348 1996 1391 2028; x_wconf 81' lang='lat' dir='ltr'>et</span> <span class='ocrx_word' id='word_1_237' title='bbox 1413 1992 1764 2041; x_wconf 76' lang='lat' dir='ltr'>argumentorum</span> <span class='ocrx_word' id='word_1_238' title='bbox 1789 1987 1855 2034; x_wconf 78' lang='lat'>(4)</span> 
     </span>
     <span class='ocr_line' id='line_1_34' title="bbox 472 2041 1854 2100; baseline -0.002 -17"><span class='ocrx_word' id='word_1_239' title='bbox 472 2042 586 2098; x_wconf 81' lang='lat' dir='ltr'>apud</span> <span class='ocrx_word' id='word_1_240' title='bbox 603 2044 979 2100; x_wconf 76' lang='lat' dir='ltr'>cot·ruptajudicia</span> <span class='ocrx_word' id='word_1_241' title='bbox 996 2044 1128 2099; x_wconf 80' lang='lat' dir='ltr'>frigus</span> <span class='ocrx_word' id='word_1_242' title='bbox 1146 2044 1331 2093; x_wconf 74' lang='lat' dir='ltr'>evitant3</span> <span class='ocrx_word' id='word_1_243' title='bbox 1357 2043 1550 2097; x_wconf 78' lang='lat' dir='ltr'>nihilque</span> <span class='ocrx_word' id='word_1_244' title='bbox 1568 2041 1701 2090; x_wconf 82' lang='lat' dir='ltr'>aliud,</span> <span class='ocrx_word' id='word_1_245' title='bbox 1723 2055 1854 2095; x_wconf 83' lang='lat' dir='ltr'>quam</span> 
     </span>
     <span class='ocr_line' id='line_1_35' title="bbox 476 2097 1859 2156; baseline -0.003 -16"><span class='ocrx_word' id='word_1_246' title='bbox 476 2113 563 2153; x_wconf 89' lang='lat' dir='ltr'>quo</span> <span class='ocrx_word' id='word_1_247' title='bbox 587 2099 649 2140; x_wconf 89' lang='lat' dir='ltr'>vel</span> <span class='ocrx_word' id='word_1_248' title='bbox 674 2101 812 2156; x_wconf 76' lang='lat' dir='ltr'>pravis</span> <span class='ocrx_word' id='word_1_249' title='bbox 837 2100 1126 2156; x_wconf 82' lang='lat' dir='ltr'>voluptatibus</span> <span class='ocrx_word' id='word_1_250' title='bbox 1148 2115 1268 2142; x_wconf 85' lang='lat' dir='ltr'>aures</span> <span class='ocrx_word' id='word_1_251' title='bbox 1300 2100 1585 2140; x_wconf 75' lang='lat' dir='ltr'>assistentium</span> <span class='ocrx_word' id='word_1_252' title='bbox 1617 2097 1859 2154; x_wconf 76' lang='lat' dir='ltr'>permulce-</span> 
     </span>
     <span class='ocr_line' id='line_1_36' title="bbox 474 2155 1856 2213; baseline -0.001 -18"><span class='ocrx_word' id='word_1_253' title='bbox 474 2163 565 2205; x_wconf 86' lang='lat' dir='ltr'>ant,</span> <span class='ocrx_word' id='word_1_254' title='bbox 588 2166 802 2212; x_wconf 83' lang='lat' dir='ltr'>quaerunt.</span> <span class='ocrx_word' id='word_1_255' title='bbox 846 2158 1082 2198; x_wconf 73' lang='lat' dir='ltr'>Sententiae.</span> <span class='ocrx_word' id='word_1_256' title='bbox 1100 2172 1268 2212; x_wconf 89' lang='lat' dir='ltr'>quoque</span> <span class='ocrx_word' id='word_1_257' title='bbox 1288 2158 1408 2213; x_wconf 74' lang='lat' dir='ltr'>ipsae,</span> <span class='ocrx_word' id='word_1_258' title='bbox 1428 2171 1531 2209; x_wconf 73' lang='lat' dir='ltr'>quas</span> <span class='ocrx_word' id='word_1_259' title='bbox 1551 2155 1662 2196; x_wconf 82' lang='lat' dir='ltr'>solas</span> <span class='ocrx_word' id='word_1_260' title='bbox 1684 2162 1856 2210; x_wconf 86' lang='lat' dir='ltr'>petunt,</span> 
     </span>
     <span class='ocr_line' id='line_1_37' title="bbox 475 2211 1859 2267; baseline -0.001 -15"><span class='ocrx_word' id='word_1_261' title='bbox 475 2212 613 2267; x_wconf 79' lang='lat' dir='ltr'>magis</span> <span class='ocrx_word' id='word_1_262' title='bbox 635 2214 841 2260; x_wconf 83' lang='lat' dir='ltr'>eminent,</span> <span class='ocrx_word' id='word_1_263' title='bbox 871 2229 968 2255; x_wconf 89' lang='lat' dir='ltr'>cum</span> <span class='ocrx_word' id='word_1_264' title='bbox 993 2216 1139 2254; x_wconf 84' lang='lat' dir='ltr'>omnia</span> <span class='ocrx_word' id='word_1_265' title='bbox 1168 2215 1281 2255; x_wconf 81' lang='lat' dir='ltr'>circa</span> <span class='ocrx_word' id='word_1_266' title='bbox 1314 2214 1408 2255; x_wconf 81' lang='lat' dir='ltr'>illas</span> <span class='ocrx_word' id='word_1_267' title='bbox 1430 2212 1603 2255; x_wconf 84' lang='lat' dir='ltr'>sordida</span> <span class='ocrx_word' id='word_1_268' title='bbox 1623 2219 1667 2252; x_wconf 84' lang='lat' dir='ltr'>et</span> <span class='ocrx_word' id='word_1_269' title='bbox 1687 2211 1859 2265; x_wconf 78' lang='lat' dir='ltr'>abjecta</span> 
     </span>
     <span class='ocr_line' id='line_1_38' title="bbox 477 2267 1857 2325; baseline -0.001 -17"><span class='ocrx_word' id='word_1_270' title='bbox 477 2268 585 2310; x_wconf 85' lang='lat' dir='ltr'>sint:</span> <span class='ocrx_word' id='word_1_271' title='bbox 619 2281 666 2311; x_wconf 90' lang='lat' dir='ltr'>ut</span> <span class='ocrx_word' id='word_1_272' title='bbox 689 2270 848 2314; x_wconf 78' lang='lat' dir='ltr'>lumina</span> <span class='ocrx_word' id='word_1_273' title='bbox 870 2285 950 2313; x_wconf 81' lang='lat' dir='ltr'>non</span> <span class='ocrx_word' id='word_1_274' title='bbox 966 2271 1077 2311; x_wconf 77' lang='lat' dir='ltr'>iuter</span> <span class='ocrx_word' id='word_1_275' title='bbox 1096 2271 1264 2312; x_wconf 77' lang='lat' dir='ltr'>umbras</span> <span class='ocrx_word' id='word_1_276' title='bbox 1289 2269 1668 2325; x_wconf 82' lang='lat' dir='ltr'>(quemadmodum</span> <span class='ocrx_word' id='word_1_277' title='bbox 1702 2267 1857 2308; x_wconf 79' lang='lat' dir='ltr'>Cicero</span> 
     </span>
     <span class='ocr_line' id='line_1_39' title="bbox 478 2325 1859 2382; baseline -0.001 -17"><span class='ocrx_word' id='word_1_278' title='bbox 478 2325 605 2378; x_wconf 81' lang='lat' dir='ltr'>dicit)</span> <span class='ocrx_word' id='word_1_279' title='bbox 628 2327 840 2382; x_wconf 76' lang='lat' dir='ltr'>sedplaue</span> <span class='ocrx_word' id='word_1_280' title='bbox 864 2328 907 2375; x_wconf 76' lang='lat' dir='ltr'>in</span> <span class='ocrx_word' id='word_1_281' title='bbox 931 2328 1109 2368; x_wconf 71' lang='lat' dir='ltr'>tenebris</span> <span class='ocrx_word' id='word_1_282' title='bbox 1130 2327 1317 2369; x_wconf 72' lang='lat' dir='ltr'>clariora</span> <span class='ocrx_word' id='word_1_283' title='bbox 1339 2334 1448 2371; x_wconf 70' lang='lat' dir='ltr'>sunt.</span> <span class='ocrx_word' id='word_1_284' title='bbox 1510 2325 1661 2380; x_wconf 85' lang='lat' dir='ltr'>Itaque</span> <span class='ocrx_word' id='word_1_285' title='bbox 1688 2325 1859 2379; x_wconf 78' lang='lat' dir='ltr'>ingeni-</span> 
     </span>
     <span class='ocr_line' id='line_1_40' title="bbox 478 2381 1858 2435; baseline 0 -13"><span class='ocrx_word' id='word_1_286' title='bbox 478 2383 544 2423; x_wconf 86' lang='lat' dir='ltr'>osi</span> <span class='ocrx_word' id='word_1_287' title='bbox 574 2392 796 2434; x_wconf 87' lang='lat' dir='ltr'>vocentur,</span> <span class='ocrx_word' id='word_1_288' title='bbox 828 2385 1018 2435; x_wconf 86' lang='lat' dir='ltr'>utlibet,</span> <span class='ocrx_word' id='word_1_289' title='bbox 1048 2384 1151 2425; x_wconf 80' lang='lat' dir='ltr'>(lum</span> <span class='ocrx_word' id='word_1_290' title='bbox 1173 2392 1316 2425; x_wconf 83' lang='lat' dir='ltr'>tamen</span> <span class='ocrx_word' id='word_1_291' title='bbox 1339 2391 1510 2425; x_wconf 75' lang='lat' dir='ltr'>constet</span> <span class='ocrx_word' id='word_1_292' title='bbox 1542 2381 1858 2424; x_wconf 80' lang='lat' dir='ltr'>contumeliose</span> 
     </span>
     <span class='ocr_line' id='line_1_41' title="bbox 477 2439 967 2494; baseline 0.006 -15"><span class='ocrx_word' id='word_1_293' title='bbox 477 2439 540 2480; x_wconf 82' lang='lat' dir='ltr'>sic</span> <span class='ocrx_word' id='word_1_294' title='bbox 561 2439 723 2482; x_wconf 82' lang='lat' dir='ltr'>laudari</span> <span class='ocrx_word' id='word_1_295' title='bbox 745 2441 967 2494; x_wconf 81' lang='lat' dir='ltr'>disertum.</span> 
     </span>
    </p>
   </div>
   <div class='ocr_carea' id='block_1_3' title="bbox 480 2527 1862 2612">
    <p class='ocr_par' dir='ltr' id='par_1_8' title="bbox 480 2527 1862 2612">
     <span class='ocr_line' id='line_1_42' title="bbox 521 2527 1860 2568; baseline -0.001 -9"><span class='ocrx_word' id='word_1_296' title='bbox 521 2529 575 2567; x_wconf 77' lang='lat'>(1)</span> <span class='ocrx_word' id='word_1_297' title='bbox 598 2529 780 2567; x_wconf 81' lang='lat' dir='ltr'>Eleganter</span> <span class='ocrx_word' id='word_1_298' title='bbox 797 2528 914 2559; x_wconf 82' lang='lat' dir='ltr'>mollem</span> <span class='ocrx_word' id='word_1_299' title='bbox 931 2528 1093 2559; x_wconf 61' lang='lat' dir='ltr'>articulum</span> <span class='ocrx_word' id='word_1_300' title='bbox 1113 2528 1302 2568; x_wconf 76' lang='lat' dir='ltr'>appellavit</span> <span class='ocrx_word' id='word_1_301' title='bbox 1318 2527 1428 2557; x_wconf 53' lang='lat' dir='ltr'>lenem</span> <span class='ocrx_word' id='word_1_302' title='bbox 1449 2529 1599 2567; x_wconf 69' lang='lat' dir='ltr'>corporis</span> <span class='ocrx_word' id='word_1_303' title='bbox 1617 2527 1860 2567; x_wconf 73' lang='lat' dir='ltr'>inflectionem,</span> 
     </span>
     <span class='ocr_line' id='line_1_43' title="bbox 480 2572 1862 2612; baseline 0 -10"><span class='ocrx_word' id='word_1_304' title='bbox 480 2581 550 2611; x_wconf 81' lang='lat' dir='ltr'>qua</span> <span class='ocrx_word' id='word_1_305' title='bbox 566 2583 735 2604; x_wconf 85' lang='lat' dir='ltr'>armorum</span> <span class='ocrx_word' id='word_1_306' title='bbox 754 2573 856 2612; x_wconf 87' lang='lat' dir='ltr'>periti</span> <span class='ocrx_word' id='word_1_307' title='bbox 875 2573 1149 2603; x_wconf 67' lang='lat' dir='ltr'>adversariorum</span> <span class='ocrx_word' id='word_1_308' title='bbox 1167 2573 1312 2603; x_wconf 80' lang='lat' dir='ltr'>eludunt</span> <span class='ocrx_word' id='word_1_309' title='bbox 1329 2573 1540 2611; x_wconf 77' lang='lat' dir='ltr'>petitionem.</span> <span class='ocrx_word' id='word_1_310' title='bbox 1587 2573 1680 2602; x_wconf 73' lang='lat' dir='ltr'>Turn.</span> <span class='ocrx_word' id='word_1_311' title='bbox 1729 2572 1862 2602; x_wconf 67' lang='lat' dir='ltr'>Mollem</span> 
     </span>
    </p>
   </div>
   <div class='ocr_carea' id='block_1_4' title="bbox 477 2617 1862 2840">
    <p class='ocr_par' dir='ltr' id='par_1_9' title="bbox 477 2617 1862 2840">
     <span class='ocr_line' id='line_1_44' title="bbox 477 2617 1858 2668; baseline -0.003 -12"><span class='ocrx_word' id='word_1_312' title='bbox 477 2635 541 2667; x_wconf 78' lang='lat' dir='ltr'>pro</span> <span class='ocrx_word' id='word_1_313' title='bbox 559 2625 705 2663; x_wconf 66' lang='lat' dir='ltr'>mobilem,</span> <span class='ocrx_word' id='word_1_314' title='bbox 722 2625 832 2664; x_wconf 74' lang='lat' dir='ltr'>primo</span> <span class='ocrx_word' id='word_1_315' title='bbox 850 2635 951 2655; x_wconf 80' lang='lat' dir='ltr'>sensu</span> <span class='ocrx_word' id='word_1_316' title='bbox 970 2624 1066 2655; x_wconf 74' lang='lat' dir='ltr'>dixit.</span> <span class='ocrx_word' id='word_1_317' title='bbox 1093 2627 1208 2663; x_wconf 87' lang='lat' dir='ltr'>Porro,</span> <span class='ocrx_word' id='word_1_318' title='bbox 1227 2623 1352 2664; x_wconf 69' lang='lat' dir='ltr'>excipit,</span> <span class='ocrx_word' id='word_1_319' title='bbox 1371 2623 1546 2661; x_wconf 80' lang='lat' dir='ltr'>eleganter</span> <span class='ocrx_word' id='word_1_320' title='bbox 1563 2634 1624 2665; x_wconf 78' lang='lat' dir='ltr'>pro</span> <span class='ocrx_word' id='word_1_321' title='bbox 1642 2617 1779 2668; x_wconf 71' lang='grc' dir='ltr'>ἇνειιρει.</span> <span class='ocrx_word' id='word_1_322' title='bbox 1811 2617 1858 2653; x_wconf 85' lang='grc' dir='ltr'>Ο.</span> 
     </span>
     <span class='ocr_line' id='line_1_45' title="bbox 525 2666 1694 2709; baseline -0.002 -9"><span class='ocrx_word' id='word_1_323' title='bbox 525 2671 576 2708; x_wconf 71' lang='lat'>(2)</span> <span class='ocrx_word' id='word_1_324' title='bbox 602 2669 706 2708; x_wconf 79' lang='lat' dir='ltr'>Cujus</span> <span class='ocrx_word' id='word_1_325' title='bbox 724 2678 863 2699; x_wconf 83' lang='lat' dir='ltr'>causam</span> <span class='ocrx_word' id='word_1_326' title='bbox 881 2669 1043 2709; x_wconf 82' lang='lat' dir='ltr'>suscepit.</span> <span class='ocrx_word' id='word_1_327' title='bbox 1070 2669 1110 2699; x_wconf 82' lang='lat' dir='ltr'>R.</span> <span class='ocrx_word' id='word_1_328' title='bbox 1158 2669 1221 2699; x_wconf 73' lang='lat' dir='ltr'>Res</span> <span class='ocrx_word' id='word_1_329' title='bbox 1238 2666 1426 2698; x_wconf 78' lang='lat' dir='ltr'>includitur</span> <span class='ocrx_word' id='word_1_330' title='bbox 1444 2667 1477 2697; x_wconf 93' lang='lat' dir='ltr'>in</span> <span class='ocrx_word' id='word_1_331' title='bbox 1490 2675 1628 2708; x_wconf 63' lang='lat' dir='ltr'>persona.</span> <span class='ocrx_word' id='word_1_332' title='bbox 1655 2670 1694 2698; x_wconf 94' lang='grc' dir='ltr'>Ο.</span> 
     </span>
     <span class='ocr_line' id='line_1_46' title="bbox 524 2711 1770 2753; baseline -0.002 -10"><span class='ocrx_word' id='word_1_333' title='bbox 524 2714 577 2751; x_wconf 79' lang='grc'>(3)</span> <span class='ocrx_word' id='word_1_334' title='bbox 602 2713 693 2743; x_wconf 85' lang='lat' dir='ltr'>Nihil</span> <span class='ocrx_word' id='word_1_335' title='bbox 711 2723 777 2743; x_wconf 85' lang='lat' dir='ltr'>non</span> <span class='ocrx_word' id='word_1_336' title='bbox 795 2713 908 2744; x_wconf 83' lang='lat' dir='ltr'>audet.</span> <span class='ocrx_word' id='word_1_337' title='bbox 957 2715 1064 2753; x_wconf 87' lang='lat' dir='ltr'>Supra</span> <span class='ocrx_word' id='word_1_338' title='bbox 1082 2712 1220 2743; x_wconf 89' lang='lat' dir='ltr'>modum</span> <span class='ocrx_word' id='word_1_339' title='bbox 1240 2722 1292 2742; x_wconf 84' lang='lat' dir='ltr'>res</span> <span class='ocrx_word' id='word_1_340' title='bbox 1308 2711 1422 2741; x_wconf 81' lang='lat' dir='ltr'>verbis</span> <span class='ocrx_word' id='word_1_341' title='bbox 1440 2711 1597 2742; x_wconf 82' lang='lat' dir='ltr'>attollere</span> <span class='ocrx_word' id='word_1_342' title='bbox 1615 2716 1770 2742; x_wconf 84' lang='lat' dir='ltr'>conatur.</span> 
     </span>
     <span class='ocr_line' id='line_1_47' title="bbox 526 2752 1862 2798; baseline -0.001 -12"><span class='ocrx_word' id='word_1_343' title='bbox 526 2758 577 2796; x_wconf 68' lang='lat'>(4)</span> <span class='ocrx_word' id='word_1_344' title='bbox 602 2757 741 2787; x_wconf 80' lang='lat' dir='ltr'>Evitant</span> <span class='ocrx_word' id='word_1_345' title='bbox 766 2757 970 2796; x_wconf 67' lang='lat' dir='ltr'>quaestiones</span> <span class='ocrx_word' id='word_1_346' title='bbox 991 2763 1026 2789; x_wconf 79' lang='lat' dir='ltr'>et</span> <span class='ocrx_word' id='word_1_347' title='bbox 1050 2761 1267 2796; x_wconf 79' lang='lat' dir='ltr'>argumenta,</span> <span class='ocrx_word' id='word_1_348' title='bbox 1292 2764 1368 2798; x_wconf 83' lang='lat' dir='ltr'>quae</span> <span class='ocrx_word' id='word_1_349' title='bbox 1393 2756 1688 2797; x_wconf 70' lang='lat' dir='ltr'>apud‘corruptos</span> <span class='ocrx_word' id='word_1_350' title='bbox 1720 2752 1862 2787; x_wconf 80' lang='lat' dir='ltr'>Judices</span> 
     </span>
     <span class='ocr_line' id='line_1_48' title="bbox 479 2799 1706 2840; baseline 0.001 -8"><span class='ocrx_word' id='word_1_351' title='bbox 479 2799 607 2840; x_wconf 62' lang='lat' dir='ltr'>frigida</span> <span class='ocrx_word' id='word_1_352' title='bbox 623 2802 794 2834; x_wconf 82' lang='lat' dir='ltr'>videntur.</span> <span class='ocrx_word' id='word_1_353' title='bbox 934 2804 952 2814; x_wconf 25' lang='grc' dir='ltr'>Ἀ</span> <span class='ocrx_word' id='word_1_354' title='bbox 1703 2805 1706 2807; x_wconf 73' lang='grc'><strong>’</strong></span> 
     </span>
    </p>
   </div>
  </div>
 </body>
</html>
