2015 3341
447 72 527 115 194-
906 82 1004 113 ΜΒ.
1037 84 1125 113 vu.
1188 83 1298 114 cAP.
1331 82 1366 115 1.

444 178 521 209 aut
561 168 939 225 praevaricatione:
977 179 1208 214 nocentem
1249 171 1382 214 fuisse
1419 172 1661 225 confiteri53
1707 170 1830 217 nulia

441 233 633 279 potestas
675 227 860 277 obstitit,
904 227 1021 268 nulla
1061 229 1153 278 vis;
1200 236 1448 284 corruptum
1482 229 1699 284 judicium
1741 245 1830 272 non

444 283 662 336 quereris;
693 283 814 323 nulla
846 284 1059 339 probandi
1097 285 1330 325 difficultas
1360 285 1463 326 fuit:
1495 285 1598 341 quid
1623 298 1830 342 superest,

444 337 527 378 nisi
542 341 899 395 utpraevaricatio
919 341 1076 382 fuerit?
1099 341 1133 382 si
1156 341 1304 382 omnia
1320 341 1488 382 amoliri
1512 357 1595 383 non
1617 352 1829 398 poteram,

451 402 596 436 tamen
619 396 738 451 plura
759 397 1016 439 amoliebar:
1051 397 1272 439 hominem
1301 399 1493 440 occisum
1525 413 1616 440 esse
1638 408 1832 442 constat:

444 465 531 492 non
561 451 602 491 in
626 451 878 503 solitudine,
908 465 956 495 ut
983 469 1009 494 a
1040 454 1281 495 latronibus
1314 456 1528 510 suspicer3
1560 470 1646 497 non
1670 456 1833 511 praedae

443 508 600 562 gratia,
634 510 736 564 quia
771 510 1020 566 inspoliatus
1057 518 1143 562 est3
1176 526 1264 552 non
1300 511 1568 553 haereditatis
1604 526 1698 567 spe,
1730 513 1834 567 quia

445 578 609 621 pauper
631 566 734 607 fuit:
767 566 916 608 odium
947 568 1081 623 igitur
1103 568 1144 608 in
1168 582 1317 610 causa:
1350 569 1445 623 quis
1467 568 1695 610 inimicus?
1727 569 1835 615 Quae

444 635 511 662 res
540 630 685 664 autern
718 623 959 665 faciliorem
993 624 1196 665 divisioni
1218 625 1332 666 viam.
1361 632 1552 681 praestat,
1584 626 1737 667 eadem
1767 626 1834 667 in-

442 678 637 719 ventioni
658 695 844 735 quoque.
892 685 954 734 (l)
974 681 1189 723 Excutere
1210 680 1421 738 quidquid
1443 681 1618 732 dicitur,
1640 682 1834 738 prodest,

442 743 488 775 et
505 734 624 776 velut
644 737 879 792 rejectione
902 738 1018 779 facta
1030 738 1081 778 ad
1101 739 1313 795 optimum
1337 739 1579 795 pervenire:
1611 747 1836 782 accusatur

445 791 579 843 Milo,
598 794 714 849 quod
739 793 947 836 Clodium
968 795 1201 837 occiderit:
1233 804 1309 837 aut
1325 796 1446 846 fecit,
1476 804 1550 836 aut
1573 811 1681 846 non3
1713 799 1830 853 opti·

445 864 567 890 mum
601 860 693 891 erat
724 865 904 907 negare:
937 853 968 893 si
1004 867 1088 893 non
1125 860 1284 908 potest,
1317 853 1480 893 occidit
1507 866 1611 908 ergo
1633 854 1836 910 autjure,

445 912 523 947 aut
542 907 718 963 injuria:
752 909 899 963 utique
914 909 1036 964 jure3
1069 917 1144 950 aut.
1164 910 1388 950 voluntate
1410 910 1557 965 igitur,
1587 917 1663 951 aut.
1685 925 1836 951 neces-

447 963 596 1004 sitate:
630 977 729 1006 nam
769 966 1016 1021 ignorantia
1057 967 1269 1021 praetendi
1306 981 1392 1007 non
1436 974 1601 1022 potest:
1635 967 1835 1009 voluntas·

447 1033 609 1077 anceps
632 1032 719 1072 est3
753 1022 844 1072 sed,
878 1024 978 1078 quia
996 1023 1055 1063 ita
1078 1022 1120 1062 id
1139 1022 1336 1065 homines
1361 1031 1527 1079 putant,
1557 1024 1838 1079 adjungenda

449 1077 661 1128 defensio,
694 1089 741 1119 ut
761 1079 805 1119 id
838 1094 916 1134 pro
945 1079 1168 1134 republica
1196 1080 1350 1122 fuerit:
1382 1081 1660 1131 necessitate3
1694 1082 1838 1123 subita

446 1134 582 1187 igitur
613 1150 775 1191 pugna,
808 1151 894 1176 non
929 1145 1190 1192 praeparata:
1221 1136 1328 1177 alter
1351 1136 1481 1191 igitur
1500 1137 1725 1178 insidiatus
1747 1146 1836 1190 θεῖς

447 1193 571 1232 uter?
597 1191 792 1247 profecto
816 1192 1012 1233 Clodius.
1061 1192 1247 1234 Videsne
1264 1203 1312 1234 ut
1333 1193 1425 1249 ipsa
1441 1207 1581 1234 rerum
1605 1195 1836 1236 necessitas

449 1246 640 1289 deducat
667 1248 719 1289 ad
756 1248 1085 1290 defensionem?
1117 1249 1297 1291 Adhuc:
1331 1257 1405 1290 aut
1432 1249 1581 1305 utique
1605 1251 1742 1292 voluit
1763 1266 1838 1292 oc-

446 1304 592 1346 cidere
616 1305 909 1346 insidiatorem
934 1306 1153 1357 Clodium,
1186 1314 1260 1347 aut
1288 1321 1398 1348 non:
1433 1307 1580 1357 tutius,
1615 1308 1648 1348 si
1672 1307 1839 1361 noluit}

449 1359 657 1403 Fecerunt
677 1377 775 1419 ergo
797 1362 904 1404 servi
927 1362 1121 1413 Milonis,
1153 1378 1282 1419 neque
1303 1363 1501 1420 jubente,
1533 1379 1661 1420 neque-
1683 1365 1837 1407 sciente

452 1417 648 1461 Μίίοηεε
673 1429 716 1460 at
736 1421 831 1460 haec
849 1427 936 1460 tam
955 1420 1107 1461 timida
1123 1420 1317 1462 defensio
1333 1420 1519 1462 detrahit
1534 1423 1838 1464 auctoritatem

451 1475 529 1524 illi,
561 1491 648 1531 qua
680 1486 794 1518 recte
829 1477 1080 1519 dicebamus
1110 1478 1326 1519 occisum:
1362 1477 1587 1534 adjicitur3
1621 1479 1731 1533 quod
1749 1493 1842 1521 suos

451 1533 623 1588 quisque
637 1548 770 1575 servos
786 1534 828 1574 in
844 1534 926 1574 tali
942 1533 1138 1590 rejacere
1159 1534 1353 1576 voluisset
1369 1551 1383 1576 .·
1416 1536 1500 1576 hoe
1523 1549 1575 1576 eo
1595 1546 1657 1577 est
1676 1536 1840 1587 utilius,

451 1591 568 1643 quod
599 1605 712 1646 saepe
736 1591 840 1631 nihil
875 1591 1034 1646 placet,
1066 1600 1110 1633 et
1132 1591 1295 1647 aliquid
1320 1591 1553 1634 dicendum
1577 1600 1662 1634 est:
1696 1594 1841 1634 intue-

451 1660 574 1688 amur
591 1662 696 1703 ergo
713 1648 882 1698 omni33
907 1649 966 1688 ita
983 1649 1208 1704 apparebit
1227 1659 1301 1691 aut
1322 1648 1365 1691 id
1384 1649 1499 1706 quod
1523 1651 1737 1706 optimum
1758 1659 1847 1703 est,‘

453 1712 529 1745 aut
550 1704 593 1745 id
614 1705 729 1760 quod
748 1705 925 1746 minime
949 1705 1123 1747 malum.
1159 1738 1168 1747 .

509 1761 569 1802 At
588 1777 673 1817 quo
704 1762 837 1802 modo
860 1763 1126 1803 inveniemus
1149 1762 1279 1804 etiam
1303 1761 1395 1804 illas
1416 1762 1679 1804 occultiores
1700 1779 1841 1819 quaes-

456 1818 625 1860 tiones?
658 1819 842 1869 scilicet,
862 1834 947 1874 quo
970 1820 1101 1860 modo
1124 1819 1373 1870 sententias,
1398 1821 1543 1870 verba,
1568 1820 1741 1876 figuras,
1764 1836 1842 1862 co·

452 1875 592 1917 tores?
621 1876 812 1932 ingenio,
843 1890 963 1926 cura,
994 1876 1328 1918 exercitatione:
1362 1885 1617 1918 nontamen
1650 1878 1738 1919 fere
1760 1893 1841 1920 un-

453 1947 583 1987 quam
619 1933 699 1974 nisi
734 1933 1057 1989 imprudentem
1094 1933 1152 1989 fua
1173 1933 1301 1983 erint,
1334 1933 1384 1984 si,
1418 1941 1466 1975 ut
1504 1934 1612 1984 dixi,
1643 1945 1842 1979 naturam

453 1989 573 2044 sequi
614 1989 771 2031 ducem
812 1989 932 2031 velit.
994 1990 1079 2032 Sed
1120 1949 1332 2047 p‘ierique,
1375 1990 1638 2047 eloquentiae
1679 1992 1841 2033 famam

454 2046 726 2096 affectantes,
757 2047 950 2088 contenti
978 2055 1078 2088 sunt.
1102 2047 1212 2089 locis
1235 2048 1440 2103 speciosis
1465 2048 1610 2098 modo,
1643 2048 1710 2090 vel
1735 2048 1844 2092 nihil

457 2103 511 2144 ad
547 2104 853 2161 probationem
891 2104 1235 2146 conferentibus:
1269 2104 1359 2154 alii,
1391 2105 1498 2146 nihil
1540 2105 1743 2157 vitantes,
1776 2121 1849 2158 ea,

456 2176 555 2217 quae
589 2161 633 2201 in
666 2160 815 2202 oculos
849 2160 1088 2212 incurrunt,
1120 2162 1389 2217 exquirenda
1421 2170 1589 2217 putant.
1622 2194 1632 2203 .

516 2217 776 2274 Plerumque
798 2225 942 2259 autem
965 2218 1008 2259 in
1030 2219 1115 2259 fine
1137 2233 1360 2260 causarum
1383 2219 1437 2260 de
1459 2219 1663 2274 aequitate
1685 2227 1844 2261 tracta-

452 2275 698 2330 bitur,quia
711 2274 818 2316 nihil
832 2274 1217 2332 libentiusjudices
1231 2276 1433 2317 audiunt:
1448 2276 1682 2332 aliquando
1697 2285 1842 2319 tamen

457 2332 572 2375 hunc
596 2331 792 2373 ordinem
813 2333 1001 2373 mutabit
1022 2332 1207 2384 utilitas3
1241 2342 1303 2383 ut,
1334 2333 1366 2374 si
1391 2334 1549 2391 injure
1572 2333 1712 2375 minus
1731 2334 1844 2376 fidu-

456 2390 531 2433 ciae
553 2389 649 2438 erit,
680 2389 883 2444 {equitate
897 2389 1094 2444 judicem
1118 2404 1421 2446 praeparemus.

530 2446 653 2488 Nihil
691 2446 822 2488 habui
858 2446 1056 2503 amplius,
1105 2448 1222 2504 quod
1260 2448 1304 2489 in
1344 2449 1590 2491 universum
1632 2447 1842 2507 praecipe-

457 2519 549 2547 rem
556 2535 927 2546 .........

499 2612 549 2650 (1)
575 2612 662 2643 Quia
676 2612 794 2642 sensim
812 2612 1007 2643 excutiendo
1023 2612 1114 2643 aliud
1140 2617 1241 2653 atque
1257 2615 1359 2652 aliud,
1382 2615 1516 2648 tandem
1535 2617 1736 2653 invenimus,
1753 2616 1844 2657 quod

453 2663 507 2684 est
523 2655 734 2685 utilissimum
751 2656 851 2685 nobis.
897 2658 1073 2692 Caeterum,
1099 2658 1398 2696 roejeclionemsacere
1414 2661 1497 2692 dixit
1514 2671 1573 2700 per
1589 2662 1839 2700 metaphoram:

455 2709 543 2736 narn,
570 2704 746 2738 postquam
762 2699 1021 2738 praetox-judicvs
1039 2705 1111 2730 erat
1135 2704 1279 2739 sortitus,
1304 2704 1438 2743 utrique
1463 2705 1720 2748 permittebatur
1743 2705 1843 2748 parti,

453 2747 583 2774 certum
597 2744 765 2784 quendam
780 2753 954 2776 numerum
969 2744 1122 2784 judicum
1140 2745 1286 2787 rejicere.
1338 2747 1435 2781 'l'urm
