2015 3341
711 229 777 260 nn
808 227 1146 263 maurim-⁴15„-
1538 224 1617 263 1⁶23

227 330 310 374 est,
342 332 386 366 et
402 323 519 367 velut
539 326 776 382 obligatum
800 328 1009 384 promisso
1033 335 1278 384 patronum,
1308 327 1432 369 si'est
1451 328 1622 384 patienss·

230 381 332 432 tior,
366 383 525 424 tacitus·
544 384 754 440 appellat,
787 386 821 425 si
845 386 910 426 vel
934 396 1189 441 occupatUS,
1220 385 1286 427 vel
1311 386 1352 425 in
1377 385 1521 440 aliqua
1543 401 1622 441 po-

229 445 402 489 testate,
434 441 502 482 vel
521 443 653 482 etium
668 442 703 483 si
723 443 915 482 moribus
938 443 1268 500 incompositus,
1301 457 1400 483 cum
1419 443 1618 484 convicio

232 495 459 551 efflagitat.
612 516 629 537 ,¹
825 509 829 512 ’
945 506 948 509 ”
1411 523 1413 525 -
1615 507 1618 512 “

288 552 439 608 Itaque
458 568 542 594 non
565 553 796 595 defuerunt
815 554 887 609 qui
912 554 1135 596 Ciceronis
1168 554 1285 596 illam
1317 569 1395 611 pro
1415 555 1621 597 Cluentio

231 609 509 663 partitionem
547 611 854 665 improbarent,
885 625 970 665 qua
991 626 1035 652 se
1064 612 1280 652 dicturum
1304 626 1395 653 esse
1423 613 1624 668 promisit

231 666 446 720 primum3
499 668 713 707 neminem
755 667 990 722 majoribus
1032 669 1301 718 criminibus,
1352 670 1621 723 gravioribus

230 722 413 763 testibus
434 723 476 763 in
491 723 708 778 judicium
724 734 939 773 vocatum,
958 739 1084 777 quam
1101 724 1418 779 Oppianicum:
1441 725 1622 778 dein'de3

230 778 486 833 pree-judicia
507 793 598 819 esse
618 778 734 820 facta
754 781 808 820 ab
831 780 880 820 iis
904 780 1262 836 ipsisjudicibus,
1296 797 1320 822 a
1339 782 1497 836 quibus
1517 798 1623 824 con-

229 834 460 875 demnatus
481 836 557 878 sit:
591 843 809 890 postremo
827 836 1073 891 3judicium
1096 836 1281 892 pecunia
1301 845 1511 879 tentatum
1535 854 1624 882 non

229 905 256 932 a
279 890 499 942 Cluentio,
532 893 603 933 sed
629 903 782 934 contra
802 893 1077 934 Cluentium:
1110 895 1226 948 quia,
1257 895 1290 935 si
1322 895 1494 950 probari
1525 911 1624 952 pos-

230 955 297 988 set
316 949 432 1002 quod
462 961 528 990 est
564 948 753 999 tertium,
786 949 894 990 nihil
927 964 1100 991 necesse
1121 951 1251 992 fuerit
1286 952 1428 993 dicere
1461 954 1620 1007 priora.

231 1003 411 1055 Rursus,
441 1020 571 1046 nemo
596 1015 682 1047 tam
707 1008 787 1047 crit
809 1017 882 1048 aut
901 1007 1082 1062 injustus
1104 1015 1179 1049 aut
1200 1008 1369 1059 stultus,
1401 1010 1502 1063 quin
1521 1025 1621 1053 eum

229 1059 419 1103 fateatur
453 1064 618 1118 optime
658 1078 734 1118 pro
772 1063 975 1105 Muraena
1007 1079 1098 1106 esse
1138 1066 1366 1120 partitum:
1403 1065 1621 1122 intelligo,

222 1117 414 1173 judices,
445 1127 530 1161 tres
559 1121 691 1161 totius
729 1120 1014 1162 accusationis
1048 1130 1190 1176 partes
1223 1123 1368 1171 fuisse,
1399 1132 1444 1163 et
1476 1136 1624 1167 earnm

229 1189 361 1216 unam
384 1176 424 1217 in
446 1177 778 1232 reprehensione
798 1178 915 1228 vitae,
946 1177 1125 1219 alteram
1154 1180 1195 1219 iu
1220 1179 1502 1221 contentione
1525 1180 1623 1237 dig-

228 1232 396 1283 nitatiS‚
418 1235 587 1275 tertiam
612 1235 652 1275 in
677 1235 928 1276 criminibus
951 1236 1137 1277 ambitus
1159 1250 1250 1276 esse
1269 1243 1500 1278 versatam:
1524 1251 1624 1280 nam

232 1289 294 1331 sic
321 1297 366 1330 et
399 1291 592 1332 ostendit
622 1291 885 1333 lucidissime
917 1307 1107 1343 causam,
1139 1302 1181 1334 et
1213 1292 1320 1335 nihil
1351 1293 1458 1335 fecit
1482 1294 1622 1338 altero

234 1360 563 1401 supervacuum.
1163 1403 1167 1405 ῃ

291 1402 360 1445 De
391 1404 468 1445 illo
490 1419 661 1460 quoque
692 1419 850 1460 genere
883 1405 1146 1447 defensionis
1180 1405 1371 1462 plerique
1394 1406 1622 1452 dubitant:

235 1457 286 1501 Si
307 1460 457 1511 occidi,
491 1469 598 1503 recte
611 1461 731 1518 feci,-
762 1463 832 1503 sed
850 1477 933 1504 ozon
955 1463 1115 1504 occidi:
1148 1479 1233 1519 quo
1254 1465 1368 1504 enim
1391 1465 1505 1519 prius
1529 1481 1624 1521 per-

231 1517 386 1567 tinere,
418 1520 451 1559 si
484 1533 665 1574 sequens
696 1519 866 1560 firmum
899 1521 981 1561 sit?
1013 1520 1110 1560 haec
1142 1521 1327 1561 invicem
1360 1522 1546 1572 obstare,
1578 1532 1624 1564 et

232 1582 417 1629 utroque
439 1576 659 1617 utentibus
677 1577 720 1616 in
744 1584 897 1617 neutro
918 1577 1068 1617 haberi
1091 1578 1238 1618 fidem.
1299 1578 1427 1624 Quod
1454 1593 1554 1619 sune
1577 1580 1621 1621 in

231 1639 354 1686 parte
377 1646 525 1673 verum
558 1641 639 1682 est,
670 1642 713 1673 et
745 1632 822 1673 illo
857 1634 1073 1688 sequenti,
1104 1635 1138 1674 si
1170 1634 1300 1674 modo
1333 1634 1622 1678 indubitabile

232 1687 303 1737 sit,
334 1688 427 1729 solo
448 1689 681 1738 utendum
713 1698 772 1739 at,
806 1690 839 1729 si
867 1690 970 1745 quid
1001 1691 1042 1731 in
1066 1705 1118 1731 eo
1148 1690 1261 1746 quod
1298 1701 1362 1732 est
1384 1691 1536 1734 fortius
1565 1695 1622 1734 ti-

230 1744 460 1795 mebimus,
491 1753 672 1801 utraque
709 1747 966 1802 probatione
999 1748 1209 1788 nitemur:
1243 1748 1349 1789 alius
1383 1749 1500 1789 euim
1534 1751 1621 1792 alio

231 1803 398 1843 moveri
420 1802 550 1853 solet3
584 1813 643 1854 et,
673 1804 745 1859 qui
765 1803 928 1844 factum
954 1805 1136 1860 putavit,
1160 1805 1325 1860 justum
1345 1806 1520 1847 credere
1545 1823 1624 1863 po-

233 1865 341 1910 test3
373 1860 447 1914 qui
481 1868 686 1915 tanquam
711 1861 832 1916 justo
855 1876 939 1902 non
967 1862 1228 1911 movebitur,
1258 1863 1418 1903 factum
1443 1863 1621 1906 fortasse

230 1929 321 1957 non
338 1916 509 1958 credet:
543 1927 591 1958 ut
606 1925 725 1959 certa
745 1933 897 1959 manus
920 1933 1005 1959 uno
1027 1918 1114 1959 telo
1135 1920 1268 1973 possit
1289 1934 1381 1961 esse
1399 1929 1620 1973 contenta,

232 1972 407 2014 incerta>
438 1974 562 2030 plura
594 1975 837 2031 spargenda
871 1984 987 2025 sunt,
1030 1983 1077 2016 ut
1111 1976 1166 2016 sit
1198 1985 1241 2016 et
1270 1976 1454 2018 fortunae
1488 1977 1622 2021 locus.

231 2028 422 2087 Egregie
440 2046 541 2072 vero
560 2032 715 2073 Cicero
737 2047 818 2088 pro
842 2032 1016 2074 Milone
1039 2032 1333 2074 insidiatorem
1358 2035 1496 2090 primo
1520 2036 1623 2077 Clo·

232 2086 354 2129 dium
374 2089 591 2139 ostendit3
624 2099 713 2130 tum
736 2089 860 2130 addit
881 2104 936 2131 ex
957 2090 1213 2138 abundanti,
1243 2091 1372 2131 etiam
1398 2091 1429 2131 si
1466 2091 1507 2131 id
1534 2108 1621 2137 uon

231 2143 399 2196 fuisset,
414 2145 541 2186 talem
565 2154 707 2187 tamen
731 2147 868 2187 civem
887 2162 986 2189 cum
1007 2162 1173 2189 summa
1193 2148 1351 2189 virtute
1372 2148 1624 2192 interfecto-

233 2201 291 2243 ris
313 2211 356 2243 et
377 2202 517 2258 gloria
536 2205 679 2245 necari
703 2204 905 2259 potuisse.

292 2258 446 2315 Neque
474 2259 596 2302 illum
626 2269 768 2301 tamen
793 2260 1008 2311 ordinem,
1040 2260 1093 2301 de
1116 2275 1201 2316 quo
1224 2262 1340 2317 prius
1357 2262 1466 2310 dixi,
1499 2263 1620 2306 dam-

232 2317 448 2358 naverim:
481 2318 582 2373 quia
598 2317 814 2373 quaedam,
845 2318 977 2358 etiam
1001 2317 1033 2358 si
1058 2318 1149 2373 ipsa
1171 2319 1256 2359 sint
1277 2319 1398 2369 dura,
1432 2321 1473 2360 in
1498 2321 1538 2361 id
1561 2333 1624 2362 ta-

233 2386 333 2415 men
356 2374 515 2424 valent,
546 2382 595 2416 ut
614 2389 665 2416 ea
682 2374 883 2416 molliant
901 2391 995 2431 quae
1017 2383 1268 2431 sequuntur.
1331 2376 1425 2418 Nec
1445 2380 1622 2420 omnino

233 2429 327 2472 sine
347 2432 514 2473 ratione
542 2443 623 2482 est,
654 2431 770 2487 quod
805 2430 935 2488 vulgo
965 2430 1139 2482 dicitur,
1174 2435 1232 2485 (l)
1260 2430 1456 2487 Iniquum
1474 2443 1622 2489 peten-

237 2486 352 2534 dum,
373 2494 422 2529 ut
442 2489 733 2546 (equnmferas
751 2506 764 2531 .·
798 2489 913 2545 quod
939 2498 1082 2530 tamen
1106 2503 1234 2530 nemo
1257 2490 1318 2531 sic
1340 2491 1540 2546 accipiat,
1575 2502 1624 2535 ut

236 2544 384 2585 omnia
419 2546 568 2586 credat
603 2546 824 2592 audenda;
858 2553 974 2587 recte
1009 2546 1125 2587 enim
1161 2545 1307 2588 Graeci
1349 2548 1623 2604 praecipiunt,

238 2598 338 2642 Non
354 2603 573 2653 tentanda,
603 2618 690 2657 quse
712 2603 818 2659 effi'cz'
838 2603 1006 2644 omnino
1029 2618 1109 2644 non
1124 2610 1309 2659 poss-unt.

296 2658 380 2699 Sed
417 2661 586 2715 quoties
623 2660 719 2709 hac,
751 2662 804 2701 de
843 2675 928 2715 qua
963 2660 1132 2716 loquor,
1166 2660 1326 2715 duplici
1368 2659 1623 2706 defensione

236 2721 424 2766 utemur,
452 2716 496 2758 id
514 2716 798 2760 laborandum
817 2727 897 2768 cst,
918 2724 966 2758 ut
982 2717 1026 2759 in
1046 2717 1161 2758 illam
1184 2725 1347 2774 partem
1371 2731 1623 2775 sequentem

284 2853 337 2893 (1)
361 2856 518 2886 Erasmus
534 2859 634 2894 putat
648 2857 775 2888 dictum
798 2867 869 2887 esse.
889 2868 908 2887 a
933 2858 1186 2894 mercatoribus,
1209 2858 1266 2900 qui
1282 2859 1387 2900 pluris
1402 2869 1530 2894 merces
1545 2870 1624 2893 suat

238 2895 398 2938 indicant,
423 2903 460 2930 ut
470 2898 599 2941 justum
613 2902 749 2933 tandem
766 2902 912 2943 pretium
930 2902 1048 2933 ferant.
1102 2902 1195 2933 Turn.
