2015 3341
565 91 626 119 DE
661 87 1134 120 PRONUNTlATonE.
1455 78 1541 121 3³29

153 164 209 205 sit
230 175 372 208 autem
395 167 534 209 omnis
557 171 687 220 actio,
718 179 767 210 ut
790 169 898 219 dixi,
930 169 974 209 in
996 168 1100 208 duas
1123 165 1261 207 divisa
1286 174 1443 221 parteS,
1467 180 1544 205 vo·

154 237 265 273 cem,
297 233 573 281 gestumque3
606 241 786 281 quorum
823 226 931 266 alter
952 225 1120 273 oculos,
1150 224 1285 263 altera*
1306 236 1427 262 aures
1451 237 1544 261 mo-

154 287 242 328 v(³¹3,
273 295 350 335 per
370 297 476 336 quos
494 283 601 323 duos
629 298 775 323 sensus
805 283 943 322 omnis
967 282 1019 322 ad
1051 282 1240 321 animum
1262 286 1460 333 penetrat
1481 278 1544 317 af<

155 336 313 387 sectu53
347 340 461 393 prius
479 347 544 380 est
561 339 614 379 de
637 354 731 381 voce
753 339 913 388 dicere,
945 339 1011 378 cui
1047 338 1176 377 etiam
1208 342 1345 391 gestus
1373 349 1545 374 accom—

156 392 372 436 modatur.
432 395 482 436 In
510 410 562 436 ea
593 396 732 450 prima
762 395 1006 437 observatio
1040 404 1119 444 est,
1152 392 1324 447 qualem
1362 391 1543 440 habea53

154 451 362 501 secunda,
394 466 480 506 quo
505 453 635 493 modo
658 452 804 493 utaris.

215 505 390 548 Natura
415 509 531 549 vocis
554 508 1028 564 spectaturquantitate
1044 513 1087 547 et
1107 503 1333 560 qualitate.
1397 503 1545 549 Quem-²

159 561 261 602 titas
281 576 346 604 est
367 565 628 621 simplicior:
663 565 702 605 in
727 580 893 608 sumnia
915 565 1047 613 enim,
1080 562 1255 618 grandis
1291 568 1365 602 aut
1385 563 1548 616 exigua.

157 628 244 670 θεῖς
278 622 351 662 sed
371 622 480 662 inter
502 621 575 662 has
598 622 893 664 extremitates
913 620 1067 660 mediae
1086 629 1183 660 sunt
1204 619 1386 674 species,
1419 629 1462 657 et
1494 620 1548 658 ab

157 676 244 716 ima
261 677 314 717 ad
339 692 566 728 summam,
599 693 648 718 ac
671 686 798 729 retro,
832 677 956 717 multi
981 685 1079 716 sunt
1107 674 1280 731 gradus.
1345 673 1549 719 Qualitas

158 734 297 787 magis
315 735 431 775 varia
457 742 544 775 est:
578 749 674 774 nam
697 742 762 775 est
777 741 821 773 et
837 734 1025 773 candida
1045 741 1090 772 et
1121 732 1255 782 fusca,
1288 740 1332 772 ct
1356 731 1484 786 plena
1505 740 1549 771 et

159 789 300 838 exilis,
332 801 377 831 et
394 790 500 831 lenis
529 801 572 831 et
599 805 764 846 aspera,
797 798 842 830 et
863 797 1087 830 contracta
1109 796 1154 829 et
1176 788 1284 838 fusa,
1314 795 1357 828 et
1380 788 1486 827 dura
1506 795 1550 827 et

159 845 380 895 flexibilis,
426 855 471 888 et,
509 846 625 887 clara
661 855 706 887 et
739 848 907 887 obtusa.
969 845 1153 901 Spiritus
1193 845 1324 885 etiam
1362 843 1549 898 longior,

160 902 431 958 breviorque.
465 936 474 944 .
541 903 697 945 Utendz'
717 918 823 944 voce
841 902 1069 958 multiplex
1089 901 1220 942 ratio:
1254 915 1369 951 nam,
1395 911 1550 956 praeter

160 958 281 1000 illam
323 961 627 1010 differentiam,
673 976 769 1016 quae
813 968 878 1000 est
924 959 1152 1015 tripartita,
1193 965 1351 1006 acutae‚
1391 959 1549 1012 gravis,

161 1016 312 1068 fiexae;
347 1028 437 1058 tum
463 1018 654 1067 intentis,
678 1026 767 1058 tum
792 1017 992 1065 remissis,
1014 1026 1102 1056 tum
1125 1015 1265 1065 elatis,
1291 1025 1378 1055 tum
1403 1014 1550 1055 inferi-

162 1074 307 1114 oribus
331 1075 470 1116 modis
503 1083 569 1114 est
595 1090 719 1130 opus,
752 1075 898 1130 spatiis
922 1088 1094 1129 quoque
1117 1072 1373 1113 lentioribus
1396 1083 1470 1112 aut
1489 1073 1550 1112 ci·

163 1131 411 1173 tutioribus:
444 1131 515 1172 sed
551 1131 600 1172 iis
633 1132 735 1187 ipsis
767 1131 910 1172 media
946 1131 1203 1186 interjacent
1236 1128 1395 1169 multa:
1429 1138 1473 1168 et
1505 1138 1553 1169 ut

162 1187 309 1238 facies,
340 1203 585 1244 quanquam
608 1203 661 1230 ex
683 1187 950 1244 paucissimis
968 1193 1154 1236 constat,
1187 1186 1399 1226 infinitam
1420 1185 1553 1226 habet

164 1244 479 1296 differentiam3
513 1244 571 1285 ita
595 1261 694 1295 vox,
718 1246 796 1286 etsi
818 1260 990 1301 paucas,
1021 1259 1119 1299 quae
1142 1243 1351 1284 nominari
1371 1243 1554 1297 possint,

162 1303 360 1343 continet
383 1303 561 1358 speciCS‚
594 1303 766 1358 propria
793 1303 949 1356 cuique
972 1312 1060 1343 est:
1095 1310 1139 1341 et
1170 1315 1256 1341 uon
1294 1299 1390 1340 haec
1412 1299 1554 1339 minus

164 1360 353 1410 auribus,
385 1375 510 1414 quam
529 1359 662 1400 oculis
681 1359 752 1400 illa
769 1359 1052 1415 dignoscitur.

221 1416 453 1472 Augentur
469 1426 629 1465 autem,
650 1417 760 1457 sieut
781 1415 991 1466 omnium,
1013 1416 1072 1455 ita
1094 1413 1212 1455 vocis
1228 1427 1400 1468 quoque
1421 1412 1553 1463 bona,

165 1487 287 1523 ,ειη-εις
308 1483 352 1516 et
374 1474 643 1529 negligentia
665 1474 930 1514 minuuntur.
966 1505 975 1514 .
1024 1472 1196 1513 Humor
1212 1485 1383 1526 quoque
1402 1484 1553 1510 vocem

167 1537 216 1573 ut
239 1531 395 1572 nimius
414 1531 612 1586 impedit,
633 1531 693 1571 ita
710 1538 959 1571 consumtus
981 1529 1193 1570 destituit.
1257 1527 1368 1568 Nam
1391 1534 1435 1567 et
1458 1527 1555 1567 fati-

166 1588 287 1642 gatio
305 1602 486 1643 corpora
504 1602 588 1628 non
612 1587 663 1627 ad
689 1601 874 1643 praesens
897 1586 1026 1627 modo
1050 1597 1234 1640 tempus,
1259 1583 1332 1624 sed
1355 1584 1484 1624 etiam
1511 1585 1555 1625 in

167 1643 358 1686 futurum
380 1644 526 1686 afficit.
589 1644 671 1684 Sed
700 1654 744 1684 ut
765 1644 1056 1684 communiter
1075 1650 1118 1683 et
1139 1641 1370 1697 phonascis
1393 1649 1437 1681 et
1459 1656 1555 1681 orae

168 1701 334 1743 toribus
350 1703 586 1744 necessaria
603 1708 666 1741 est
680 1701 950 1750 exercitatio,
963 1715 1046 1755 qua
1061 1699 1207 1740 omnia
1224 1697 1556 1739 convalescunt:

167 1757 229 1799 ita
244 1767 358 1800 c'urae
380 1773 464 1799 non
485 1758 600 1799 idem
623 1772 774 1813 genus.
834 1758 945 1798 Nam
978 1770 1117 1811 neque
1136 1763 1252 1796 certa
1282 1764 1478 1810 tempora
1501 1754 1555 1795 ad

168 1815 442 1871 spatiandum
458 1815 548 1856 dari
566 1822 744 1870 possunt
757 1822 823 1855 tot
835 1814 1031 1855 civilibus
1047 1813 1198 1854 officiis
1216 1823 1450 1867 occupato;
1475 1827 1555 1853 nec

167 1887 410 1929 praeparare
431 1873 485 1914 ab
518 1873 613 1913 imis
636 1872 751 1911 sonis
773 1886 923 1912 vocem
948 1871 999 1911 ad
1025 1884 1241 1911 summos:
1275 1883 1355 1909 nec
1387 1883 1556 1925 semper

167 1944 193 1970 a
215 1930 496 1971 contentione
519 1928 760 1971 concedere
777 1928 896 1978 licet,
919 1943 1016 1969 cum
1038 1927 1229 1983 pluribus
1244 1925 1424 1981 judiciis
1443 1940 1557 1982 saepe

169 1986 402 2029 dicendum
426 1987 495 2028 sit.
539 1986 605 2028 Ne
625 1987 820 2029 ciborum
839 1984 1014 2041 quidem
1038 1993 1103 2025 est
1123 1983 1274 2024 eadem
1294 1983 1555 2024 observatio.

170 2043 270 2085 Non
290 2045 403 2085 enim
424 2052 508 2085 tam
531 2043 649 2085 molli
670 2052 901 2098 teneraque
924 2057 1047 2091 voce,
1079 2056 1207 2096 quam
1231 2040 1330 2080 forti
1355 2055 1406 2080 ac
1430 2040 1556 2080 dura-

171 2101 246 2142 bili
267 2116 373 2158 opus
390 2109 475 2142 est:
497 2116 596 2142 cum
611 2114 760 2140 omnes
778 2099 839 2140 illi
857 2101 986 2140 etiam
1006 2099 1237 2140 altissimos
1251 2111 1378 2137 sonos
1398 2097 1559 2137 leniant

171 2169 301 2203 cantu
335 2158 436 2208 oris,
468 2158 593 2198 nobis
624 2157 826 2212 pleraque
858 2171 1006 2213 aspere
1039 2156 1125 2196 sint
1157 2154 1461 2209 concitateque
1489 2154 1555 2194 di—

172 2215 328 2265 cenda,
355 2226 400 2257 et
430 2214 661 2271 vigilanda:
686 2224 852 2262 noctes,
883 2225 926 2255 et
957 2212 1096 2267 fuligo
1121 2211 1469 2253 lucubrationum
1493 2212 1558 2252 bin

173 2272 332 2322 hemia,
363 2272 468 2313 etin
499 2272 650 2316 sudata
672 2278 789 2312 veste
818 2270 1077 2312 durandum.
1139 2269 1284 2315 Quare
1309 2282 1456 2308 vocem
1483 2269 1558 2308 de=

173 2329 285 2373 liciis
304 2344 391 2371 non
408 2329 667 2378 molliamus,
698 2342 778 2371 nec
800 2328 1017 2369 imbuatur
1034 2341 1084 2367 ea
1101 2325 1430 2374 consuetudine,
1463 2340 1559 2379 quas

174 2387 378 2429 duratura
408 2401 494 2428 non
534 2386 609 2427 sit:
641 2385 715 2427 sed
752 2385 1008 2426 exercitatio
1047 2384 1139 2439 ejus
1174 2383 1273 2423 talis
1316 2383 1386 2431 sit,
1418 2382 1557 2436 qualis

175 2459 295 2485 usus:
329 2458 409 2484 nec
441 2443 615 2484 silentio
644 2441 854 2491 subsidat,
886 2442 959 2483 sed
993 2441 1187 2482 firmetur
1227 2439 1558 2489 consuetudine,

175 2517 261 2556 qua
283 2500 515 2541 difficultas
536 2500 674 2540 omnis
692 2500 873 2539 levatur.
933 2497 1137 2539 Ediscerc
1159 2506 1301 2538 auten]
1327 2510 1411 2550 quo
1435 2510 1559 2536 exer-

175 2559 312 2600 cearis
345 2558 428 2599 erit
457 2557 685 2612 optimum,
717 2570 815 2596 nam
849 2570 902 2597 ex
932 2563 1127 2612 tempore
1161 2553 1323 2594 (licenti
1357 2560 1559 2593 avocatur

176 2630 280 2657 cura
301 2615 419 2656 vocis
437 2613 506 2660 ille
528 2613 600 2668 qui
634 2627 688 2653 ex
722 2613 848 2652 rebus
880 2613 982 2668 ipsis
1014 2611 1259 2666 concipitur
1285 2609 1483 2658 affectus,
1516 2615 1561 2659 et

177 2672 369 2713 ediscere
391 2686 520 2727 quam
542 2670 729 2710 maxime
752 2669 883 2718 varia,
914 2684 1005 2724 quae
1037 2676 1080 2709 et
1113 2668 1364 2715 clamorem,
1396 2673 1440 2705 et
1473 2666 1560 2706 dis÷

178 2731 473 2793 putationem,
498 2735 542 2771 et
558 2740 816 2778 sermonem,
837 2735 882 2769 et
908 2727 1045 2777 flexus
1066 2725 1271 2775 habeant,
1302 2734 1349 2765 ut
1371 2722 1498 2771 simul
1519 2723 1564 2768 ir.

962 2782 966 2797 Ι
