2015 3341
595 118 657 153 DE
697 120 1059 154 mst‘osrrmNE.
1440 114 1518 157 195

192 208 304 252 Sunt
338 210 557 268 pleraque,
589 227 702 267 quae,
736 211 815 252 nisi
849 212 1069 268 proposita
1100 208 1155 251 de
1184 223 1268 266 qua
1290 208 1525 251 dicendum

135 274 202 307 est
239 272 434 319 materia,
478 270 590 310 viam
626 269 809 309 docendi
850 284 935 309 non
972 268 1209 324 praebeant.
1270 268 1371 308 Non
1404 269 1521 308 enim

125 338 262 364 =causa
285 327 482 366 universa
505 327 546 366 in
571 325 832 380 quaestiones
854 340 904 366 ac
927 325 1046 366 locos
1065 323 1312 365 diducenda
1334 332 1421 375 θεὶς
1447 325 1522 365 sed

136 379 203 421 hae
234 382 338 437 ipsae
364 392 504 438 partes
533 383 692 423 habent
723 397 863 422 rursus
885 383 1079 423 ordinem
1111 395 1254 422 suum:
1288 395 1386 421 nam
1411 382 1523 421 etin

133 440 348 492 prooemio
372 440 556 495 primum
574 450 637 479 est
655 439 836 494 aliquid,
868 447 912 479 et
931 439 1186 488 secundum,
1218 452 1268 478 ac
1289 438 1519 493 deinceps;

133 502 179 534 et
199 497 382 549 quaestio
407 497 546 536 omnis
567 510 616 536 ac
640 495 759 536 locus
790 495 920 536 habet
953 510 1068 535 suam
1095 495 1440 550 dispositionem,
1472 502 1523 535 ut

133 551 276 591 theses
293 553 420 593 etiam
453 552 686 607 simplices.
722 583 730 592 .
793 551 870 592 Est
891 564 934 593 et
964 551 1064 602 hoc,
1096 551 1212 606 quod
1236 552 1418 607 scriptor
1444 551 1522 591 de-

132 616 370 650 monstrare
394 624 476 650 non
501 610 651 665 possit,
682 608 764 649 nisi
789 616 903 649 certa
927 607 1189 663 definitaque
1207 610 1409 658 materia3
1443 607 1519 648 sed

132 664 234 719 quid
260 679 344 706 una
366 666 512 715 faciat,
544 675 616 705 aut
635 666 798 705 altera?
830 665 933 719 quin
956 665 1044 704 imo
1064 673 1236 706 centum
1260 680 1309 705 ac
1332 665 1450 705 mille
1476 666 1519 705 in

130 733 176 761 re
200 721 397 763 infinita?
459 722 745 776 Praeceptoris
778 731 859 770 est,
892 722 933 761 in
963 721 1050 761 ulio
1084 728 1214 775 atque
1245 722 1332 761 alio
1361 734 1519 777 genere

130 777 324 831 quotidie
340 778 584 828 ostendere,
601 778 695 832 quis
717 777 823 818 ordo
842 778 897 817 sit
917 791 1074 827 rerum,
1098 787 1141 817 et
1156 792 1251 832 quae
1270 779 1517 832 copulati03

129 842 178 873 ut
199 833 407 889 paulatim
439 834 514 876 fiat
537 849 650 884 usus,
682 842 725 874 et
743 834 794 875 ad
827 834 986 874 similia
1006 833 1229 875 transitus:
1266 835 1374 875 trudi
1398 835 1517 875 enim

129 891 291 940 omnia,
323 906 419 946 quae
460 907 525 932 ars
557 891 707 941 efficit,
738 905 824 932 non
867 898 1068 947 possunt3
1101 905 1200 931 nam
1238 891 1332 946 quis
1379 892 1520 947 pictor

128 949 290 997 omnia,
323 963 419 1003 quae
457 949 499 989 in
537 963 678 990 rerum
709 957 862 988 natura
894 955 1010 998 sunt,
1042 948 1298 989 adumbrare
1336 948 1521 989 didicit?

127 1004 220 1053 sed,
253 1013 455 1060 percepta
487 1005 619 1046 semel
654 1005 853 1046 imitandi
892 1005 1075 1055 ratione,
1108 1004 1363 1046 assimilabit
1394 1006 1520 1060 quid-

127 1061 232 1117 quid
251 1063 483 1118 acceperit.
517 1063 695 1115 (1)Quis
709 1063 825 1103 enim
842 1077 925 1102 non
947 1061 1067 1103 faber
1082 1062 1303 1103 vasculum
1325 1062 1520 1118 aliquod,

127 1118 256 1174 quale
278 1133 497 1174 nunquam
517 1120 697 1169 viderat,
729 1119 861 1161 facit?
892 1119 1106 1166 Quaedam
1127 1133 1227 1160 vero
1246 1134 1331 1160 non
1356 1120 1518 1160 docen-

129 1176 238 1216 tium
275 1185 389 1225 sunt,
421 1177 493 1218 sed
537 1176 819 1218 discentium:
864 1191 960 1217 nam
1003 1184 1047 1216 et
1088 1176 1297 1226 medicus,
1329 1177 1433 1232 quid
1473 1177 1519 1219 in

128 1247 302 1287 quoque
336 1233 596 1275 valetudinis
633 1248 790 1290 genere
831 1232 1080 1274 faciendum
1115 1234 1184 1282 sit,
1215 1234 1317 1288 quid
1361 1234 1518 1289 quibus

129 1289 263 1344 signis
296 1290 630 1345 providendum,
664 1290 864 1332 docebit:
897 1290 984 1331 vim
1017 1290 1231 1332 sentiendi
1266 1291 1412 1346 pulsus
1442 1305 1516 1332 ve-

129 1360 297 1396 narum,
327 1347 480 1388 caloris
515 1355 673 1397 motus,
705 1348 878 1404 spiritus
915 1355 1121 1396 meatum,
1155 1347 1313 1389 coloris
1351 1348 1516 1389 distan-

129 1404 251 1453 tiam,
282 1419 378 1459 quae
412 1420 487 1445 sua
520 1405 727 1461 cujusque
764 1413 877 1455 sunt,
910 1404 1133 1460 ingenium
1174 1405 1305 1445 dabit.
1368 1406 1516 1450 Quare

129 1461 312 1516 plurima
349 1469 543 1516 petamus
578 1479 603 1503 a
638 1462 777 1511 nobis,
821 1470 865 1502 et
901 1475 998 1501 cum
1037 1462 1175 1503 causis
1211 1462 1518 1512 deliberemus,

128 1518 475 1573 cogitemusque,
507 1519 702 1559 homines
721 1527 819 1560 ante
839 1518 1050 1559 invenisse
1072 1527 1206 1558 artem
1227 1534 1353 1574 quam
1379 1519 1516 1559 (locu-

128 1573 225 1615 isse.
289 1573 370 1614 Illa
405 1577 520 1616 enim
559 1576 861 1631 potentissima
897 1582 976 1624 est,
1006 1590 1189 1630 quaeque
1225 1591 1322 1616 vere
1356 1576 1517 1617 (licitur

125 1632 398 1672 oeconomica
433 1633 566 1673 totius
599 1648 739 1674 eausae
777 1632 1022 1688 dispositio,
1051 1647 1148 1687 quae
1185 1633 1389 1674 constitui
1432 1633 1515 1673 nisi

128 1689 245 1730 velut
267 1690 309 1729 in
333 1703 377 1729 re
406 1690 606 1745 praesenti
630 1704 714 1730 non
739 1697 904 1745 potest:
938 1690 1012 1730 ubi
1045 1690 1347 1730 assumendum
1372 1705 1517 1746 prooe-

124 1745 278 1797 mium,
310 1746 382 1786 ubi
407 1747 716 1788 omittendum:
752 1747 824 1788 ubi
853 1746 1066 1788 utendum
1101 1748 1375 1802 expositione
1409 1763 1514 1788 con-

128 1801 263 1853 tinua,
296 1803 367 1843 ubi
391 1804 568 1860 partita:
603 1804 675 1844 ubi
707 1804 761 1845 ab
791 1804 924 1845 initiis
954 1803 1265 1859 incipiendum,
1298 1804 1371 1845 ubi
1394 1820 1514 1846 more

127 1859 367 1901 Homerico
391 1877 415 1901 a
436 1861 605 1911 mediis,
636 1860 702 1902 vel
740 1861 924 1902 ultimis:
961 1862 1031 1901 ubi
1067 1861 1244 1901 omnino
1267 1876 1353 1902 non
1375 1876 1514 1918 expo-

125 1917 340 1959 nendum:
383 1917 557 1973 quando
596 1934 620 1959 a
656 1919 827 1969 nostris,
859 1918 1033 1973 quaudo
1075 1918 1129 1958 ab
1171 1918 1515 1961 adversariorum

125 1975 508 2030 propositionibuS,
540 1975 819 2031 incipiamus:
851 1975 1024 2030 quando
1045 1990 1067 2015 a
1085 1974 1337 2016 firmissimis
1356 1978 1513 2032 proba-

126 2032 331 2082 tionibus,
364 2033 539 2087 quando
561 2048 586 2073 a
612 2032 871 2074 levioribus:
905 2033 1080 2087 quando
1114 2033 1156 2072 in
1191 2048 1319 2073 causa
1354 2049 1514 2089 propo-

123 2089 279 2130 nendae
307 2090 530 2145 prooemiis
557 2090 834 2144 quaestiones‚
865 2104 949 2144 qua
979 2090 1293 2145 praeparatione
1329 2105 1514 2146 praemu-

125 2146 318 2188 niendae:
336 2147 609 2202 quidjudicis
624 2147 790 2188 animus
807 2147 1001 2202 accipere
1017 2147 1151 2202 possit
1166 2148 1309 2187 statim
1327 2148 1512 2199 dietum,

125 2216 211 2258 quo
247 2203 450 2260 paulatim
486 2204 787 2245 deducendus:
821 2204 1016 2259 siugulis,
1048 2218 1100 2244 au
1134 2204 1338 2245 universis
1373 2221 1510 2261 oppo-

124 2260 268 2301 nenda
301 2261 526 2303 refutatio:
573 2261 817 2302 reservandi
858 2260 1139 2316 perorationi,
1172 2276 1224 2301 an
1262 2276 1337 2316 per
1373 2270 1510 2303 totuin

125 2317 365 2358 orationem
407 2317 680 2360 diffundendi
724 2318 926 2361 affectus:
970 2318 1157 2373 dejure
1201 2319 1332 2373 prius,
1364 2334 1415 2359 an
1456 2320 1510 2361 de

126 2374 331 2428 aequitate
361 2374 618 2417 dicendum:
651 2391 702 2416 an
728 2383 928 2417 anteacta
949 2375 1146 2424 crimina,
1176 2390 1229 2416 an
1265 2375 1318 2416 <le
1354 2377 1508 2431 quibus

120 2429 337 2485 judicium
373 2440 453 2482 est,
484 2432 602 2488 prius
635 2433 842 2488 objicere,
873 2431 941 2473 vel
984 2431 1148 2473 diluere
1187 2433 1439 2474 conveniat:
1475 2435 1510 2474 si

126 2487 390 2544 multiplices
411 2503 549 2531 causae
572 2499 713 2539 erunt,
744 2491 840 2545 quis
862 2489 969 2530 ordo
993 2489 1231 2539 faciendus,
1262 2505 1357 2544 quse
1391 2491 1510 2530 testi-

125 2544 287 2594 monia,
321 2545 534 2586 tabulaeve
556 2547 762 2602 cujusque
786 2547 956 2602 generis
990 2547 1032 2586 in
1063 2547 1235 2587 actione
1258 2547 1508 2596 recitandae,

125 2615 223 2656 quae
241 2602 524 2644 reservandae.
559 2603 671 2645 Haec
691 2611 756 2645 est
771 2603 889 2646 velut
905 2603 1183 2659 imperatoria
1205 2603 1338 2644 virtus
1361 2605 1508 2660 copias

170 2741 222 2781 (1)
241 2742 291 2771 Ita
308 2743 403 2773 Goth.
423 2746 456 2772 et
471 2742 602 2773 Jeneon.
626 2744 720 2781 bene,
745 2748 845 2783 atquc
863 2744 963 2774 etiam
983 2743 1096 2784 pulcre,
1122 2742 1406 2782 Gesnerojudice3
1433 2752 1511 2782 ergo

127 2783 172 2816 ita
191 2784 353 2825 dedimus,
402 2787 521 2818 Sensus
540 2793 605 2818 est:
635 2789 711 2821 Quis
731 2789 812 2819 enim
833 2787 880 2817 :el
896 2789 989 2818 faber
1005 2797 1070 2819 non
1089 2788 1150 2818 διε.
1176 2787 1225 2818 Al.
1241 2786 1321 2818 Quid
1336 2787 1445 2817 enimi·
1475 2788 1512 2818 O.

775 2836 864 2874 02
