2015 3341
401 115 492 169 §354
865 137 963 170 ΜΒ.
996 139 1108 171 vm.
1167 136 1272 170 car.
1305 135 1351 168 v.

401 219 570 264 ,lumina
597 223 671 266 illa
690 239 777 274 non
801 225 1006 276 flammae,
1035 225 1111 269 sed
1132 225 1332 268 scintillis
1364 226 1476 267 inter
1493 225 1660 268 sumum
1688 218 1797 269 emia

401 281 617 331 cantibus,
648 281 806 323 similia
839 283 1024 332 dixeris3
1055 298 1152 338 quae
1183 297 1237 324 ne
1267 293 1477 339 apparent
1508 282 1685 339 quidem
1717 282 1794 326 ubi

401 342 496 376 tota.
516 336 631 378 lucet
650 339 806 388 oratio,
830 349 879 381 ut
901 340 944 380 in
965 339 1054 381 sole
1076 340 1216 381 sidera
1239 340 1332 395 ipsa
1348 340 1552 382 desinunt
1571 339 1712 380 cerni:
1734 349 1797 389 et,

399 406 498 446 quae
520 395 681 435 crebris
712 396 941 453 parvisque
974 397 1203 439 conatibus
1236 411 1280 439 se
1308 397 1531 447 attollunt,
1563 394 1794 450 inaequalia

404 456 592 500 tantum,
624 458 669 491 et
701 451 821 493 velut
849 452 1125 510 confragosa,
1157 467 1239 494 nec
1271 452 1604 496 admirationem
1640 466 1794 498 conse·

402 515 594 559 quuntur
634 507 940 560 eminentium,
986 517 1032 551 et
1079 510 1306 566 planorum
1354 511 1538 567 gratiam
1589 508 1795 564 perdunt,

403 562 507 603 Hoc
529 578 702 619 quoque
724 565 902 615 accidit,
919 566 1037 622 quod
1060 566 1173 607 solas
1194 569 1388 623 captanti
1410 565 1659 615 sententias,
1680 564 1794 606 mul-

401 626 466 660 tas
488 634 662 662 necesse
684 633 750 663 est
777 622 923 664 dicere
943 623 1074 674 leves,
1109 623 1304 679 frigidas,
1333 625 1524 680 ineptas;
1556 636 1644 663 non
1676 622 1794 663 enim

400 685 547 732 potest
565 691 658 719 esse
679 678 892 730 delectus,
915 680 989 721 ubi
1012 694 1190 722 numero
1208 680 1446 723 laboratur:
1480 681 1625 735 itaque
1647 678 1796 720 videas

400 743 446 774 et
467 734 724 776 divisionem
749 751 828 792 pro
849 737 1064 778 sententia
1084 737 1203 792 poni,
1226 747 1274 779 et
1295 745 1615 794 argumentum,
1642 736 1679 776 si
1698 742 1797 776 tan-

404 799 494 831 tum
507 791 550 832 in
565 791 764 834 clausulae
775 792 892 835 calce
903 795 1205 850 pronuntietur
1218 794 1502 837 2—Oceidisti
1513 806 1691 836 uxorem
1702 792 1794 848 ipse

400 846 452 888 ad
461 847 570 889 ulter
582 863 593 899 3
607 864 695 890 non
706 849 860 891 ferrem
877 858 935 901 te,
945 851 1111 892 etiamsi
1130 852 1397 907 repudiasses
1411 851 1638 893 z—divisio
1648 856 1797 891 est:—

405 903 478 945 Vis
496 906 606 946 scire
623 920 834 948 venenum
854 922 948 949 esse
970 907 1254 950 amatorium?
1278 909 1441 950 viveret
1463 908 1612 957 homo,
1637 906 1719 947 nisi
1742 905 1796 947 il·

402 960 472 1002 lud
500 962 1066 1020 bibissetz-——argumentum
1087 973 1166 1006 est.
1198 966 1292 1007 Nec
1309 965 1466 1007 multas
1482 964 1677 1021 plerique
1700 976 1796 1004 sen-

403 1019 560 1059 tentias
578 1019 742 1071 dicunt,
760 1022 836 1062 sed
859 1022 1005 1062 omnia
1021 1030 1226 1077 tanquam
1243 1023 1494 1064 sententias.
1554 1021 1674 1063 Huic
1696 1019 1796 1075 qui·

405 1074 583 1116 busdam
614 1077 879 1119 contrarium
900 1079 1109 1127 studium,
1137 1079 1211 1135 qui
1241 1079 1416 1135 fugiunt
1435 1094 1487 1121 ac
1509 1076 1796 1119 reformidant

403 1146 579 1172 omnem
605 1132 716 1174 hant:
736 1134 779 1174 iu
802 1133 991 1176 dicendo
1014 1135 1302 1191 voluptatem,
1330 1135 1440 1176 nihil
1458 1135 1691 1191 probantes
1712 1133 1793 1175 nisi

401 1187 576 1243 planum
594 1197 641 1230 et
662 1190 821 1232 humile
838 1197 883 1232 et
899 1191 991 1233 sine
1012 1203 1199 1234 conatu:
1230 1192 1308 1243 ita,
1337 1192 1443 1234 dum
1465 1192 1622 1233 timent
1640 1203 1699 1231 ne
1715 1189 1795 1231 ali·

401 1244 576 1300 quando
598 1246 775 1297 cadant,
804 1248 1152 1303 semper-jacent.
1211 1247 1343 1295 Quod
1371 1257 1514 1290 autem
1544 1255 1712 1289 tantum
1749 1247 1794 1289 in

399 1302 615 1343 sententia
636 1303 751 1344 bona
772 1304 935 1345 crimen
954 1307 1048 1346 est?
1078 1320 1165 1347 non
1183 1320 1323 1348 causae
1340 1306 1540 1362 prodest?
1569 1319 1657 1345 non
1672 1303 1794 1360 judi·

399 1372 495 1399 cem
518 1362 694 1401 movet?
722 1375 809 1402 non
831 1360 1047 1403 dicentem
1071 1362 1378 1404 commendat?
1408 1362 1469 1404 At
1488 1370 1552 1403 est
1572 1361 1794 1417 quoddam

399 1429 552 1471 genum
581 1431 670 1473 quo
697 1425 862 1459 veteres
889 1432 976 1459 non
1000 1420 1232 1462 utebantur
1246 1419 1388 1461 z-Ad
1410 1434 1539 1475 quam
1561 1433 1694 1474 usque
1715 1432 1796 1459 nos

404 1473 568 1514 vocatis
595 1476 880 1517 vetustatem?
921 1490 1020 1517 nam
1055 1477 1090 1518 si
1122 1478 1176 1518 ad
1217 1477 1338 1518 illam
1373 1484 1631 1526 extremam,
1661 1474 1800 1517 multa

402 1528 738 1582 Demosthenes,
768 1547 862 1588 quae
895 1544 996 1575 ante
1030 1548 1130 1575 eum
1171 1548 1316 1576 nemo.
1377 1532 1612 1580 Quomodo
1650 1539 1797 1589 potest

401 1584 658 1630 Ciceronem
685 1589 879 1644 probare,
912 1591 984 1646 qui
1007 1590 1114 1632 nihil
1141 1598 1265 1648 putet
1293 1607 1347 1632 ex
1371 1591 1538 1633 Catone
1560 1589 1796 1631 Gracchis-

401 1658 485 1698 que
508 1645 792 1687 mutandum?
824 1646 899 1688 sed
930 1657 1031 1689 ante
1061 1647 1140 1689 hos
1168 1648 1403 1705 simplicior
1435 1647 1578 1688 adhuc
1599 1647 1708 1688 ratio
1727 1646 1796 1687 lo-

401 1702 562 1755 quendi
584 1700 681 1743 fuit.
740 1700 836 1758 Ego
858 1718 960 1744 vero
983 1704 1079 1746 haec
1096 1704 1263 1746 lumina
1282 1705 1493 1746 orationis
1511 1703 1627 1745 velut
1645 1703 1795 1745 oculos

401 1757 614 1812 quosdam
649 1774 740 1801 esse
768 1760 1033 1816 eloquentiae,
1060 1761 1212 1803 credo:
1245 1762 1318 1803 sed
1352 1776 1491 1817 neque
1524 1760 1676 1801 oculos
1701 1774 1794 1802 esse

400 1821 496 1854 toto
532 1830 714 1872 corpore
755 1817 901 1868 velim,
931 1832 987 1858 ne
1022 1826 1183 1860 caetera
1216 1819 1410 1859 membra
1441 1817 1634 1859 officium
1670 1831 1794 1859 suum

402 1871 618 1928 perdant·,
648 1882 709 1924 et,
739 1874 773 1915 si
808 1888 982 1915 necesse
1013 1877 1083 1926 sit,
1113 1886 1300 1917 veterem
1335 1875 1458 1917 illum
1482 1875 1704 1916 horrorem
1727 1874 1794 1915 di-

402 1928 530 1969 cendi
565 1930 730 1981 malim,
762 1945 889 1987 qnam
928 1931 1052 1974 istam
1092 1947 1248 1974 novam
1282 1931 1528 1973 licentiam:
1560 1931 1633 1972 sed
1674 1940 1795 1987 patet

402 1985 548 2027 media
568 1987 767 2042 quaedam
792 1990 885 2039 via3
917 1989 1030 2030 sicut
1063 1990 1107 2030 in
1140 1989 1260 2032 cultu
1282 1990 1484 2045 victuque
1513 1989 1695 2029 accessit
1718 1987 1795 2028 ali-

402 2043 498 2096 quis
519 2043 627 2085 citra
646 2044 1021 2101 reprehensionem
1047 2047 1176 2097 nitor,
1196 2060 1325 2102 quem
1343 2048 1454 2087 sicut
1470 2059 1695 2101 possumus
1717 2044 1795 2085 ad-

392 2099 600 2152 ¹jiciamus
636 2102 886 2143 virtutibus:
936 2104 1050 2158 prius
1084 2113 1227 2144 tamen
1270 2104 1341 2154 sit,
1372 2103 1488 2144 vitiis
1520 2115 1688 2152 carere3
1722 2116 1794 2152 ne,

403 2156 507 2197 dum
529 2157 729 2201 volumus
753 2159 951 2201 meliores
973 2174 1064 2201 esse
1086 2161 1319 2211 veteribus,
1349 2161 1479 2202 simus
1514 2168 1682 2201 tantum
1710 2159 1798 2201 dis-

403 2213 580 2255 similes.

465 2270 664 2313 Reddam
679 2287 793 2314 nunc
806 2287 932 2328 quam
952 2275 1192 2329 proximam
1215 2289 1308 2316 esse
1326 2275 1521 2317 dixeram
1537 2284 1721 2332 partem,
1739 2272 1795 2315 de

408 2329 557 2383 tropis,
587 2344 696 2384 quos
724 2338 862 2372 motus
883 2330 1108 2373 clarissimi
1135 2342 1375 2374 nostrorum
1402 2344 1597 2374 auctores
1619 2339 1792 2374 vocant.

407 2384 579 2426 Horum
603 2386 769 2427 tradere
787 2396 999 2444 praecepta
1015 2396 1057 2429 et
1075 2390 1345 2444 grammatici
1363 2391 1530 2431 solent:
1564 2390 1636 2431 sed
1661 2405 1686 2430 a
1706 2403 1794 2439 me,

407 2456 506 2482 cnm
529 2443 583 2483 de
606 2442 780 2485 illorum
804 2444 948 2486 officio
964 2445 1177 2501 loquerer,
1199 2445 1333 2487 dilata
1355 2461 1450 2502 pars
1474 2448 1568 2488 haec
1590 2458 1670 2498 est,
1692 2447 1795 2502 quia

408 2498 464 2538 de
497 2507 647 2541 ornatu
684 2501 891 2542 orationis
927 2504 1098 2558 gravior
1130 2503 1358 2545 videbatur
1391 2504 1528 2555 locus,
1565 2512 1610 2545 et
1640 2504 1794 2561 maj0ri

407 2556 527 2610 operi
551 2558 799 2599 servandus.

465 2611 542 2653 Vl.
574 2613 813 2656 TROPUS
834 2625 899 2657 est
922 2616 1041 2657 verbi
1064 2616 1131 2657 vel
1157 2618 1364 2659 sermonis
1388 2633 1413 2658 a
1434 2618 1606 2674 propria
1628 2616 1794 2674 signifi-

405 2670 579 2711 catione
612 2671 653 2711 in
689 2672 813 2713 aliam
843 2687 943 2714 cnm
966 2674 1125 2714 virtute
1156 2676 1361 2716 mutatio:
1393 2677 1507 2717 circa
1522 2689 1650 2731 quem
1672 2677 1795 2716 inex-

406 2727 624 2780 plicabilis
647 2736 690 2768 et
710 2730 1001 2784 grammaticis
1020 2732 1131 2771 inter
1149 2731 1278 2786 ipsos,
1300 2745 1343 2773 et
1362 2732 1630 2788 philosophis
1649 2746 1796 2789 pugna

407 2793 498 2834 θεῖς
543 2800 638 2841 quee
671 2785 756 2827 sint
788 2801 963 2843 genera,
1007 2803 1101 2844 quae
1135 2789 1315 2845 species,
1347 2791 1421 2848 qui
1454 2805 1671 2843 numerus,
1698 2789 1795 2846 quis
