2015 3341
388 100 475 137 330
856 106 954 137 mn.
986 100 1076 136 5111.
1137 107 1244 136 cm’.
1278 107 1352 137 Χῖ.

390 189 557 230 cultum
583 189 769 239 virilem,
801 196 846 230 et
868 188 1305 245 inventiojudicium.
1366 190 1438 230 Sic
1461 197 1587 230 erunt
1609 203 1784 244 magna,

388 259 478 285 non
505 246 656 287 nimia:
682 246 899 295 sublimia,
922 259 1009 286 non
1026 246 1231 302 abrupta:
1255 246 1400 295 fortia,
1424 261 1508 286 non
1533 247 1781 288 temeraria:

389 314 553 364 severa,
584 317 669 343 non
693 303 854 343 tristia:
890 302 1054 357 gravia,
1088 316 1175 342 non
1212 302 1353 342 tarda:
1387 303 1501 350 laeta,
1535 317 1619 343 non
1654 302 1781 343 luxu-

389 359 523 399 riosa:
539 359 856 422 jticunda3n013
881 358 1113 400 dissoluta:
1136 358 1383 413 plen·1,non
1407 359 1587 400 tumida.
1618 358 1782 399 Similis

388 414 434 455 in
469 417 640 456 caeteris
672 417 782 456 ratio
815 423 893 455 est,
953 414 1187 455 Tutissinm
1222 414 1311 456 fere
1345 429 1423 472 per
1457 415 1651 456 medium
1688 416 1779 456 via:

384 471 489 526 quia
505 473 726 527 utriusque
750 471 951 512 ultimum
970 472 1125 511 vitium
1147 479 1228 512 est

447 527 534 569 XI.
569 528 671 569 HIS
695 528 1113 569 dicendivirtutibus
1128 543 1225 568 usus
1241 535 1385 569 orator
1406 528 1659 583 injudiciis‚
1676 542 1781 569 con·

387 583 513 635 siliis,
534 586 844 634 ,concionibus,
876 592 1043 634 senatu,
1078 585 1118 625 in
1144 585 1261 625 omni
1291 585 1478 639 denique
1509 585 1654 626 officio
1678 585 1781 628 boni

387 641 511 690 civis,
527 642 666 704 βίῃεηι
707 655 881 696 quoque
921 641 1103 696 dignum
1145 650 1189 682 et
1221 642 1388 697 optimo
1425 642 1534 692 viro,
1566 649 1610 681 et
1649 655 1781 697 opere.

388 699 661 738 sanctissimo
684 698 837 739 faciet:
870 713 956 738 non
980 713 1083 753 quia
1115 697 1317 752 prodesse
1352 712 1539 753 unquam
1575 698 1676 738 satis
1708 698 1779 747 sit,

387 761 434 793 εἰ
457 754 526 795 illa
545 766 689 795 mente
711 766 840 809 atque
875 754 949 795 illa
976 754 1182 795 facultate
1214 755 1399 810 praedito
1428 769 1514 795 non
1549 755 1782 797 convenia-t

388 812 530 865 operis
564 811 845 867 pulcheirimi
868 826 997 867 quam
1032 811 1334 867 longissimum
1367 822 1552 867 tempus,
1585 811 1657 852 sed
1679 811 1782 866 quia

388 868 516 908 decet
539 867 621 909 hoc
639 882 811 924 qnoque
834 881 1166 932 p1·osp}ce1e,11e
1188 866 1290 922 quid
1317 869 1452 924 pejus,
1467 884 1594 924 quam
1611 867 1780 917 fecerit,

389 924 539 966 faci-it.
598 925 752 988 Neque
775 926 891 966 enim
915 925 1099 965 scientia
1127 925 1260 966 modo
1291 933 1460 966 constat
1489 933 1778 988 orat01,quae

388 990 573 1036 augetur
589 997 728 1031 annis,
761 981 835 1022 sed
859 995 981 1031 voce,
1013 981 1163 1032 latere,
1186 981 1410 1023 firmitate:
1442 983 1599 1037 quibus
1616 957 1780 1030 finctis,

388 1046 464 1079 aut
501 1039 740 1079 imminutis
766 1046 896 1079 aetate
929 1053 1002 1078 sen
1037 1038 1304 1088 valetudine,
1337 1039 1578 1079 cavendum
1613 1046 1692 1087 est,
1724 1051 1779 1078 ne

388 1095 493 1149 quid
519 1096 559 1136 in
582 1106 749 1136 oratore
772 1110 939 1135 summo
963 1095 1245 1144 desideretur,
1275 1110 1329 1135 ne
1361 1096 1597 1136 intersistat
1624 1095 1779 1149 fatiga-

389 1159 476 1202 tus,
507 1166 578 1202 ne,
609 1167 706 1207 qnae
732 1151 866 1201 (licet,
899 1166 1045 1207 parum
1081 1152 1219 1192 audiri
1253 1152 1425 1202 sentiat,
1458 1166 1513 1192 ne
1545 1166 1588 1193 se
1622 1161 1781 1206 quaerat

387 1210 593 1264 priorem.
654 1208 752 1249 Vidi
777 1223 860 1264 ego
890 1208 1017 1263 longe
1040 1209 1233 1249 omnium
1251 1223 1357 1262 qnos
1380 1208 1484 1250 mihi
1513 1221 1778 1264 cognoscere

386 1267 592 1320 contigit,
636 1280 851 1306 summum
889 1275 1121 1314 oratorem,
1164 1264 1409 1306 Domitium
1449 1265 1620 1314 Afrum,
1652 1264 1778 1305 valde,

385 1337 550 1371 senem,
583 1322 796 1377 quotidie,
828 1321 990 1378 aliquid
1015 1337 1069 1363 ex
1093 1337 1158 1371 ea,
1190 1337 1317 1377 quam
1340 1330 1568 1372 meruerat,
1589 1322 1776 1363 auctori-

388 1390 475 1420 tate
506 1380 776 1434 perdentem,
808 1393 904 1420 cum
929 1386 1085 1434 agente
1109 1379 1201 1429 illo,
1233 1394 1362 1434 quem
1384 1380 1620 1434 principem
1646 1378 1776 1419 fnisse

386 1437 607 1490 quondam
638 1436 718 1476 fori
749 1450 837 1476 non
859 1443 952 1476 erat
973 1435 1169 1485 dubium,
1201 1436 1272 1476 alii
1299 1436 1430 1491 (quod
1456 1437 1684 1492 indignum
1713 1435 1779 1476 vi-

387 1493 591 1544 debatur)
633 1492 838 1542 riderent,
868 1492 942 1533 alii
979 1493 1303 1534 erubescerent:
1351 1507 1448 1548 qnae
1485 1493 1657 1534 occasio
1691 1492 1777 1534 illis

386 1549 679 1599 fnitdicendi‚
710 1549 835 1590 malle
868 1563 965 1590 eum
998 1549 1185 1605 deficere,
1217 1565 1343 1606 quarn
1367 1550 1563 1592 desinere.
1626 1549 1780 1604 Neque

386 1615 511 1648 erant
532 1607 622 1656 illa,
654 1607 986 1662 qualiacunque,
1007 1606 1132 1656 mala,
1156 1607 1228 1648 sed
1255 1608 1434 1648 minora.
1495 1607 1656 1657 Quare,
1678 1614 1795 1648 antes

386 1679 515 1719 quani
541 1665 584 1704 in
608 1664 683 1704 lias
706 1664 846 1705 aetatis
871 1664 1015 1704 veniat
1048 1664 1241 1714 insidias,
1275 1664 1464 1720 receptui
1501 1671 1644 1713 canet,
1667 1671 1710 1703 et
1732 1664 1777 1706 in

386 1729 559 1777 portum
600 1721 770 1776 integra
806 1734 915 1762 nave
952 1721 1189 1776 perveniet.
1251 1721 1404 1776 Neque
1441 1722 1557 1762 enim
1590 1722 1777 1761 minores

386 1792 503 1827 eum,
533 1792 631 1819 cnm
661 1778 703 1818 id
739 1777 905 1826 fecerit,
929 1777 1169 1819 studiorum
1197 1778 1360 1820 fructus
1382 1789 1627 1833 sequentur.
1686 1777 1778 1818 Aut

386 1835 458 1875 ille
490 1842 771 1875 monumenta
807 1849 947 1875 rerum
985 1836 1183 1890 posteriS,
1215 1842 1305 1885 aut,
1338 1844 1386 1875 ut
1427 1835 1475 1875 L.
1514 1835 1690 1876 Crassus
1730 1834 1775 1877 in

384 1892 504 1933 libris
527 1891 751 1932 Ciceronis
779 1891 1042 1941 destinabat,
1073 1893 1134 1943 (i)
1154 1893 1255 1946 jura
1288 1892 1583 1946 quaerentibus
1615 1891 1776 1940 tradet,

385 1957 461 1989 aut
488 1948 752 2002 eloqmntiae
781 1958 1014 2003 componet
1034 1950 1203 1996 Artem,
1236 1956 1310 1988 aut
1341 1948 1643 2012 pulcherrimis
1679 1949 1775 1989 vitae

384 2006 614 2069 praeceptis
639 2005 818 2059 dignum
840 2019 886 2044 os
909 2004 1045 2045 dabit.
1106 2004 1462 2060 Fiequentabunt
1482 2020 1573 2060 ejus·
1595 2005 1774 2047 domum

386 2063 540 2118 optimi
557 2076 740 2116 juvenes
762 2076 881 2102 more
905 2072 1114 2111 veterum,
1146 2069 1191 2102 et
1208 2076 1279 2102 xe}
1283 2076 1349 2102 am
1373 2062 1546 2102 dicendi
1566 2062 1678 2102 viam
1702 2077 1776 2104 ve-

382 2120 451 2161 }ut
470 2135 524 2160 ex
547 2133 594 2159 or
597 2118 723 2159 ·tcnlo
744 2126 908 2173 petent.
941 2118 1036 2159 Hos
1059 2118 1132 2159 ille
1150 2117 1355 2159 formabit
1374 2134 1447 2174 qn
1435 2119 1495 2159 asi
1513 2118 1729 2174 eloquenti
1738 2134 1775 2160 ae

385 2191 557 2233 paxenS,
590 2183 634 2215 et
667 2185 714 2216 ut
738 2183 860 2216 zetus
883 2175 1162 2231 guberynatoi
1195 2175 1320 2216 litora
1342 2183 1386 2216 ct
1419 2185 1583 2232 portus,
1614 2183 1658 2215 et
1679 2190 1774 2230 quae

386 2240 692 2289 tempestatum
717 2232 854 2287 signa,
888 2232 989 2287 quid
1011 2232 1210 2272 secundis
1237 2233 1427 2283 flatibus,
1458 2233 1561 2288 qnid
1585 2233 1773 2274 ‘r·idxmsis

385 2292 489 2332 rttis
518 2300 682 2345 poscat,
716 2289 912 2330 docebit:
947 2303 1030 2329 non
1068 2289 1348 2330 humanit-itis
1381 2290 1518 2331 solum
1552 2290 1772 2331 communi

385 2348 543 2388 ductus
564 2345 725 2394 officio,
758 2345 831 2387 sed
866 2352 1011 2386 amore
1039 2346 1227 2399 quodam
1259 2347 1415 2401 operis.
1479 2347 1621 2388 Nemo
1654 2347 1773 2388 enim

385 2405 522 2445 minui
559 2403 666 2443 velit
698 2403 758 2451 id,
789 2403 830 2442 in
866 2417 952 2457 quo
990 2403 1201 2444 maximus
1235 2404 1331 2444 fuit.
1392 2404 1509 2449 Quid
1547 2418 1673 2459 porro
1706 2411 1773 2444 est

385 2462 627 2509 honestius,
659 2475 788 2514 quam
822 2459 979 2500 docere
1012 2461 1126 2514 quod
1162 2461 1326 2515 optime
1359 2461 1491 2501 scias?
1533 2461 1605 2502 Sic
1639 2461 1690 2501 ad
1725 2473 1771 2500 se

385 2519 577 2558 s'oelinm
601 2517 836 2557 deductum
859 2532 883 2556 a
905 2526 1024 2571 patre
1042 2516 1198 2557 Cicero
1215 2517 1461 2572 profitetur:
1485 2517 1546 2558 sic
1569 2517 1769 2566 Pansam,

384 2575 596 2624 Hirtium,
632 2573 924 2625 Dolabellam,
957 2573 1002 2614 in
1038 2588 1204 2615 morem
1246 2575 1524 2630 praeceptoris
1558 2575 1769 2624 exercuit,

429 2718 477 2751 (1)-
504 2717 552 2746 Ita
570 2726 609 2746 ex
626 2716 745 2746 Codice
773 2715 977 2746 Dor-villiano
1001 2716 1169 2753 lacunam,
1189 2716 1261 2756 jam
1285 2717 1416 2748 Rollino
1440 2717 1494 2747 alii
1488 2726 1580 2756 ‚sque
1605 2720 1769 2756 notatam,

376 2762 615 2800 supplevimus
659 2761 812 2792 Junzins
826 2761 962 2794 Obrect.
978 2770 1133 2803 queque5
1159 2761 1286 2802 pulcre,
1311 2768 1350 2792 ut
1367 2762 1521 2793 aithsn.
1550 2762 1585 2792 0.
