2015 3341
593 142 698 185 911AE
729 142 1011 173 scmmanA
1045 142 1180 172 stu‘r.
1495 137 1584 183 299

194 246 447 291 summatim,
480 254 529 281 ac
550 239 642 296 jam
665 241 708 281 in
740 239 835 281 foro
866 239 1025 281 clarus:
1056 239 1186 281 alitur
1205 238 1322 280 enim
1339 246 1467 294 atque
1488 238 1584 280 eni-

196 298 323 337 tescit
343 298 462 338 velut
484 298 639 353 pabulo
664 297 830 338 laetiore
861 296 1085 347 facundia,
1119 306 1162 337 et
1195 296 1367 336 assidua
1399 304 1583 337 conten-

198 353 365 395 tionum
387 355 615 409 asperitate
634 354 815 410 fatigata
836 365 1079 395 renovatur.
1138 353 1415 408 Quapropter
1448 353 1585 393 histo-

195 410 270 453 riae
288 425 597 465 nonnunquam
626 411 796 451 ubertas
821 411 864 450 in
895 410 1039 465 aliqua
1066 409 1300 452 exercendi
1329 408 1428 464 styli
1461 416 1583 466 parte

193 467 424 526 ponenda3
456 477 500 507 et
518 467 789 522 dialogorum
812 466 1012 507 libertate
1041 466 1331 521 gestiendum.
1392 465 1459 507 Ne
1491 480 1586 508 cars·

193 523 310 567 mine
333 524 506 579 quidem
532 524 680 567 ludere
703 523 966 564 contrarium
987 523 1134 564 fuerit:
1167 523 1278 563 sicut
1298 521 1484 569 athletae,
1517 537 1585 564 re-

193 580 323 623 missa
342 581 598 635 quibusdam
627 581 891 635 temporibus
919 580 1117 620 ciborum
1146 587 1275 634 atque
1307 580 1587 624 exercitatio.-

193 650 296 676 num
323 645 441 677 certa
464 637 733 685 necessitate,
755 637 847 676 otio
870 636 1259 695 etjucundioribus
1282 636 1421 693 epulis
1443 636 1584 677 retici-³

194 701 339 734 untur.
403 692 595 747 Ideoque
613 693 719 732 mihi
744 693 912 733 videtur
932 692 998 732 M.
1015 692 1179 732 Tullius
1198 700 1365 732 tantum
1390 692 1583 734 intulisse

192 748 457 804 eloquentiae
478 749 641 798 lumen,
673 749 788 804 quod
814 749 857 789 in
887 748 964 788 hos
986 763 1158 804 quoque
1182 749 1421 789 studiorum
1445 764 1586 790 seces,

194 820 265 850 Sus
287 807 491 849 excurrit.
555 806 667 846 Nam
690 806 723 846 si
742 805 866 845 nobis
888 805 980 845 sola
1004 806 1181 845 materia
1198 806 1327 845 fuerit
1343 821 1395 846 ex
1422 807 1586 858 litibuS,

193 875 367 908 necesse
384 872 450 904 est
470 862 687 905 deteratur
709 861 870 917 fulgor,
902 869 946 902 et
967 861 1166 902 durescat
1187 862 1408 913 articulus,
1431 872 1474 903 et
1492 864 1584 919 ipse

193 917 270 966 ille
306 933 456 960 mucro
494 919 658 974 ingenii
689 918 944 974 quotidiana
970 933 1118 974 pugna
1152 919 1419 961 retundatur.
1479 920 1582 971 Sed,

191 976 560 1031 quemadmodum
607 976 846 1016 forensibus
885 975 1193 1016 certaminibus
1230 977 1506 1027 exercitatos,
1538 985 1584 1019 et

192 1034 314 1088 quasi
340 1033 590 1083 militantes,
621 1033 759 1073 reficit
791 1047 840 1072 ac
870 1041 1037 1091 reparat
1068 1031 1162 1073 haec
1196 1032 1313 1073 velut
1345 1035 1493 1089 sagina
1517 1036 1586 1077 di.

192 1090 337 1140 cendi,
359 1090 420 1131 sic
438 1090 732 1131 adolescentes
755 1104 840 1129 non
865 1089 1025 1130 debent
1042 1089 1223 1131 nimium
1245 1091 1287 1129 in
1312 1089 1418 1131 falsa
1440 1105 1583 1134 rerum

190 1145 382 1202 imagine
400 1147 600 1196 detineri,
630 1154 674 1187 et
705 1147 904 1187 inanibus
933 1145 1188 1196 simulacris,
1220 1161 1354 1202 usque
1376 1148 1503 1198 adeo,
1534 1157 1584 1190 ut

192 1202 366 1245 difficile
388 1206 441 1245 ab
459 1203 524 1245 his
547 1204 760 1260 digressos
782 1203 837 1243 sit
858 1202 1140 1252 assuefacere,
1173 1218 1242 1252 ne,
1266 1206 1319 1245 ab
1339 1204 1414 1246 illa
1437 1205 1478 1246 in
1497 1221 1585 1261 qua

192 1275 327 1317 prope
346 1262 651 1302 consenuerint
667 1261 833 1310 umbra,
852 1274 951 1300 vera
969 1259 1218 1301 discrimina
1230 1260 1348 1302 velut
1362 1262 1581 1317 quendam.

194 1317 327 1358 solem
353 1318 658 1359 reformident:
690 1317 805 1372 quod
827 1317 1036 1358 accidisse
1054 1317 1183 1358 etiam
1210 1317 1364 1359 Porcio
1387 1319 1581 1372 Latroni,

192 1375 264 1429 qui
287 1375 449 1430 primus
470 1375 569 1415 clari
595 1375 780 1415 nominis
806 1373 1020 1429 professor
1036 1373 1133 1423 fuit,
1160 1374 1362 1426 traditur3
1394 1385 1458 1423 ut,
1479 1391 1581 1419 cum

194 1432 233 1473 ei
256 1447 464 1472 summam
490 1432 530 1472 in
554 1432 702 1473 scholis
723 1431 972 1487 opinionem
1007 1432 1223 1472 obtinenti
1257 1446 1384 1473 causa
1413 1434 1455 1474 in
1469 1433 1580 1488 foro

192 1497 306 1529 esset
327 1489 504 1539 oranda,
537 1489 730 1544 impense
753 1488 924 1543 petierit
953 1488 1015 1529 uti
1048 1487 1251 1529 subsellia
1281 1488 1323 1529 in
1354 1490 1581 1534 basilicam

193 1545 546 1590 transferrentur:
580 1547 640 1586 ita
661 1546 722 1586 illi
745 1545 908 1585 coelum
937 1559 1095 1586 novum
1131 1545 1229 1594 fnit,
1259 1553 1306 1586 ut
1325 1546 1465 1588 omnis
1486 1548 1581 1604 ejus

193 1601 443 1658 eloquentia
459 1602 672 1644 contineri
698 1611 813 1643 tecto
835 1617 885 1642 ac
902 1602 1136 1657 parietibus
1155 1602 1387 1645 videretur.
1433 1604 1582 1650 Quare

184 1658 376 1715 juvenis,
408 1661 480 1715 qui
504 1660 713 1700 rationem
733 1658 981 1699 inveniendi
1004 1659 1326 1714 eloquendique
1347 1675 1371 1701 a
1392 1675 1582 1719 praecep-

185 1716 358 1769 ‘toribus
375 1716 609 1771 diligenter
630 1717 862 1772 acceperit,
892 1716 1027 1770 (quod
1052 1730 1138 1757 non
1155 1725 1222 1757 est
1243 1716 1400 1759 infiniti
1420 1720 1580 1773 operis,

192 1772 227 1814 si
243 1773 399 1819 docere
416 1774 555 1825 sciant
570 1781 614 1822 et
628 1773 779 1829 velint)
795 1773 1154 1814 exercitationem
1172 1787 1344 1828 quoque
1360 1775 1580 1818 modicam

190 1828 323 1871 fuerit
342 1838 613 1880 consecutus,
646 1838 858 1871 oratorem
878 1830 958 1871 sibi
980 1830 1168 1886 aliquem
1195 1830 1326 1886 (quod
1349 1832 1462 1887 apud
1487 1848 1582 1874 ma-

182 1885 303 1944 jores
325 1887 416 1928 fieri
451 1887 634 1940 solebat)
658 1888 835 1943 deligat,
866 1901 995 1942 quem
1027 1895 1243 1942 sequatur,
1274 1902 1403 1943 quem
1435 1890 1582 1932 imite-

184 1944 281 1985 'turz
306 1944 484 2000 judiciis
507 1945 676 1986 intersit
692 1959 820 2000 quam
845 1945 1060 2000 plurimis,
1082 1954 1125 1986 et
1146 1945 1202 1986 sit
1221 1946 1486 1996 certaminis,
1509 1949 1580 1992 cui

191 2000 446 2052 destinatur,
478 2002 678 2057 frequens
711 2009 949 2057 spectator:
982 2009 1072 2042 tum
1106 2016 1271 2052 cansaS,
1304 2002 1372 2043 vel
1405 2003 1582 2053 easdem

189 2073 295 2114 quas
316 2059 386 2114 agi
405 2059 604 2108 audierit,
637 2059 748 2113 stylo
768 2067 812 2100 et
831 2059 921 2114 ipse
939 2066 1191 2114 componat,
1224 2058 1289 2099 vel
1307 2060 1437 2101 etiam
1460 2061 1581 2112 alias,

191 2129 311 2157 veras
328 2117 476 2167 modo,
509 2123 553 2156 et
570 2116 769 2171 utrinque
790 2124 970 2167 tractet3
993 2123 1052 2162 et,
1074 2116 1188 2171 quod
1208 2115 1248 2156 in
1269 2116 1582 2171 gladiatoribus

191 2172 283 2213 fieri
301 2173 512 2221 videmus,
536 2174 575 2213 in
601 2174 727 2214 rebus
747 2174 852 2214 actis
871 2181 1144 2214 exerceatur:
1160 2181 1206 2214 ut
1224 2173 1377 2214 fecisse
1398 2174 1580 2219 Brutum

191 2228 381 2271 diximus
399 2245 475 2286 pro
499 2229 686 2275 Milone.
746 2230 910 2271 Melius
939 2231 1040 2281 hoc,
1073 2245 1202 2285 quam
1236 2231 1470 2277 rescribere
1507 2248 1583 2274 ve·

192 2286 355 2335 teribus
389 2286 682 2337 orationibus3
728 2296 776 2328 ut
809 2286 917 2328 fecit
957 2288 1126 2329 Cestius
1166 2295 1317 2328 contra
1352 2287 1580 2331 Ciceronis

192 2343 407 2384 actionem
430 2344 622 2386 habitam
647 2360 723 2400 pro
744 2345 915 2393 eodem,
945 2360 1044 2385 cum
1073 2344 1252 2386 alteram
1284 2352 1449 2403 partem
1479 2347 1582 2390 sat-is

190 2414 317 2441 nosse
348 2415 434 2441 non
466 2409 610 2456 posset
642 2417 696 2443 ex
730 2401 822 2442 sola
852 2401 1120 2443 defensione.
1182 2401 1323 2442 Citius
1350 2410 1494 2444 autem
1519 2405 1581 2446 sic

190 2456 373 2504 idoneus
395 2458 676 2513 eritjuvenis,
709 2474 837 2514 quem
869 2467 1108 2515 praeceptor
1134 2459 1331 2514 coegerit
1358 2459 1400 2507 in
1431 2460 1581 2502 decla-

190 2514 354 2556 mando
378 2529 507 2569 quam
542 2515 809 2561 simillimum
843 2530 934 2556 esse
966 2515 1153 2565 veritati,
1185 2525 1229 2556 et
1259 2530 1336 2572 per
1369 2524 1481 2558 totas
1516 2518 1579 2559 ire

191 2571 414 2622 materias:
446 2586 625 2627 quarum
649 2587 762 2613 nunc
798 2572 1004 2615 facillima
1037 2582 1080 2614 et
1106 2573 1297 2613 maxime
1324 2572 1582 2620 favorabilia

194 2627 449 2684 decerpunt.
509 2628 666 2669 Obstat
688 2629 807 2678 huic,
837 2630 951 2685 quod
976 2628 1168 2670 secundo
1191 2629 1301 2669 libro
1323 2630 1464 2685 posui,
1495 2630 1582 2673 fre·

193 2698 329 2739 quens
359 2685 481 2726 turba
503 2685 836 2741 discipulorum3
868 2694 913 2726 et
933 2686 1203 2728 consuetudo
1232 2686 1431 2727 classium
1452 2689 1582 2730 certis

192 2740 346 2786 diebus
386 2742 717 2783 audiendarum:
751 2743 947 2784 nonnihil
985 2744 1116 2784 etiam
1150 2743 1367 2798 persuasio
1398 2751 1590 2799 patrum,

193 2798 514 2851 numerantium
545 2800 690 2857 potius
712 2799 1070 2857 declamationes,
1100 2814 1232 2857 quam
1259 2799 1585 2849 aestituantium.
