2015 3341
631 160 693 197 βε
725 159 1070 196 ARGUMENUS.
1466 146 1543 187 137

153 257 353 308 minutim,
385 258 417 299 si
441 256 580 299 eodem
602 256 691 298 loco
715 254 819 298 fuit:
853 257 1007 311 quibus
1028 256 1200 311 signum
1225 267 1324 296 cum
1346 249 1546 299 accessit,

157 317 308 365 efficit,
340 323 388 356 ut
409 330 506 370 quae
529 322 728 370 suspecta
759 321 897 363 erant,
929 322 1047 354 certa
1068 312 1310 353 videantur.
1369 307 1549 363 Alioqui

159 380 260 412 sunt
290 373 488 427 quaedam
519 373 642 427 signa
674 372 844 425 utrique
876 372 987 425 parti
1019 367 1284 417 communia,
1314 374 1362 406 ut
1386 366 1551 413 livores,

158 436 366 470 tumores:
401 444 500 470 nam
534 428 668 469 videri
705 433 883 483 possunt
910 437 954 468 et
983 425 1188 480 vemficii,
1220 433 1265 464 et
1292 421 1547 465 crud-itatis,-

159 493 205 525 οἱ
228 486 375 526 vulnus
396 487 439 527 in
457 492 641 541 pectore,
664 499 738 524 sua
756 497 882 523 manu
904 494 947 524 et
967 484 1107 524 aliena
1129 481 1289 537 perisse
1306 479 1551 521 dicentibus

161 542 204 582 in
230 557 354 597 aequo
376 551 455 583 est.
517 543 628 584 Haec
649 540 829 598 perinde
847 540 970 582 firma
989 540 1217 589 habentur,
1238 545 1367 593 atque
1389 536 1554 577 extrin-

163 612 285 639 secus
308 599 579 654 adjuvantur.
616 630 625 639 .

221 654 284 696 Χ.
317 656 353 696 Κ
369 656 489 696 [mc
511 656 564 695 de
587 654 867 710 argumentis:
900 653 985 694 hoc
1006 654 1122 694 enim
1141 650 1316 692 nomine
1336 648 1554 705 complec-

164 712 294 755 timur
325 713 472 752 omnia
501 726 598 767 quae
630 711 777 751 (jraeci
810 711 1047 761 ἐνθυμήματα,
1077 708 1342 760 &magisnec-m,
1371 707 1556 752 ἀποδείξεις

165 776 343 810 vocant:
376 782 618 823 quanquam
643 767 755 822 apud
786 763 884 806 illos
907 771 971 803 est
989 764 1134 817 aliqua
1156 761 1308 800 horum
1330 759 1557 799 nominum

165 824 426 875 differentia,
459 827 589 864 etiam
623 825 656 864 si
688 824 749 863 vis
782 821 937 861 eodem
959 819 1049 860 fere
1071 817 1226 858 tendit.
1253 847 1262 856 .
1289 847 1297 856 .
1323 847 1333 856 .
1366 815 1476 855 Cum
1500 815 1557 855 sit

166 890 468 937 argumentum
503 881 610 935 ratio
639 879 939 936 probationem
963 886 1185 933 maestam,
1217 887 1302 928 qua
1334 870 1558 926 colligitur

166 937 282 979 aliud
305 952 381 993 per
398 937 530 988 aliud,
562 944 605 978 et
622 951 720 992 quae
739 935 854 991 quod
878 943 943 975 est
961 933 1141 974 dubium
1163 944 1239 986 per
1268 928 1308 969 id
1339 929 1455 983 quod
1479 928 1558 969 du-

167 994 288 1035 bium
308 1008 394 1035 non
413 1002 478 1034 est
494 994 738 1043 confirmat,
771 1005 945 1033 necesse
966 1000 1031 1031 est
1053 1003 1143 1030 esse
1161 985 1324 1040 aliquid
1349 987 1390 1026 in
1412 1000 1557 1034 causa,

166 1052 285 1106 quod
310 1051 566 1107 probatione
585 1065 670 1091 non
693 1062 842 1105 egeat:
874 1048 1037 1102 alioqui
1058 1044 1168 1087 nihil
1191 1044 1274 1084 erit
1294 1057 1379 1098 quo
1402 1043 1559 1098 probe-

168 1122 287 1157 mus;
319 1109 400 1149 nisi
424 1108 551 1149 fuerit
573 1107 686 1164 quod
710 1116 785 1148 aut
806 1107 862 1147 sit
878 1119 1045 1154 verum,
1076 1110 1150 1143 aut
1171 1100 1383 1150 videatur,
1401 1113 1456 1141 ex
1474 1113 1560 1154 quo

169 1165 315 1206 dubiis
337 1165 442 1205 fides
459 1165 549 1206 fiat.

231 1224 316 1263 Pro
341 1223 462 1263 certis
479 1230 623 1263 autem
643 1221 869 1271 babemus,
900 1220 1105 1276 primum,
1127 1229 1225 1271 quae
1248 1213 1441 1255 sensibus
1463 1228 1562 1269 per·

171 1279 417 1334 cipiuntur3
449 1287 498 1320 ut
519 1294 610 1334 quae
630 1279 843 1326 videmus,
875 1277 1093 1326 audimu53
1126 1271 1271 1328 qualia
1292 1278 1391 1312 sunt
1413 1271 1562 1327 signa:

174 1336 350 1386 deinde,
382 1351 432 1376 ea
466 1337 508 1376 in
551 1350 647 1391 quae
685 1335 903 1376 communi
939 1333 1145 1388 opinione
1182 1343 1440 1370 consensum
1470 1335 1562 1380 est3

175 1393 270 1434 deos
292 1408 391 1442 esse,-
411 1392 696 1448 preestandam
712 1392 915 1448 pietatem
932 1388 1206 1446 parentibus:
1233 1393 1455 1441 praeterea,
1475 1399 1567 1440 quae

176 1450 348 1505 legibus
366 1460 491 1490 cauta
508 1458 627 1490 sunt:
647 1464 743 1505 quae
761 1450 1052 1504 persuasione,
1070 1446 1197 1487 etiam
1220 1445 1351 1483 sinon
1371 1443 1589 1484 omnium·

177 1506 420 1556 hominum,
435 1507 526 1562 ejus
544 1516 687 1547 tamen
706 1506 894 1547 civitatis
911 1514 985 1545 aut
999 1503 1140 1559 gentis
1164 1501 1205 1541 in
1223 1515 1308 1555 qua
1326 1513 1389 1541 res
1407 1499 1566 1554 agitur,

178 1564 222 1605 in
245 1578 384 1604 mores
407 1573 581 1619 recepta
601 1570 723 1613 sunt3
757 1571 806 1602 ut
836 1562 1037 1618 pleraque
1070 1559 1243 1614 injure,
1275 1571 1362 1597 non
1381 1556 1567 1611 legibus,

178 1620 255 1661 sed
293 1621 486 1661 moribus
519 1630 742 1661 constant:
775 1620 808 1660 si
841 1619 944 1674 quid
986 1618 1097 1658 inter
1133 1623 1359 1668 utramque
1403 1622 1570 1668 partem

177 1678 404 1718 convenit:
437 1677 470 1717 si
498 1677 599 1732 quid
634 1677 865 1732 probatum
894 1684 981 1716 est:
1016 1673 1202 1727 denique
1225 1671 1469 1725 cuicunque
1491 1669 1569 1709 ad-

177 1735 388 1775 ver-sarius
424 1749 511 1774 non
546 1733 822 1774 contradicit.
884 1732 955 1772 Sic
987 1731 1103 1772 enim
1134 1729 1212 1768 fiet
1242 1734 1569 1782 argumentum:

183 1790 289 1832 Cum
318 1791 590 1847 providentia
622 1790 798 1831 mundus
821 1795 1010 1846 regatur,
1043 1784 1382 1828 administranda
1406 1790 1465 1824 est
1486 1798 1571 1823 res-

173 1848 352 1910 publica
371 1865 383 1889 .·
430 1858 479 1889 ut
520 1847 863 1888 administranda
902 1844 1147 1902 respublica
1187 1842 1258 1894 sit,
1309 1841 1344 1883 si
1385 1840 1574 1897 liquebit

181 1905 392 1952 mundum
414 1905 689 1961 providentia
710 1905 816 1961 regi.

240 1962 387 2008 Debet
407 1962 539 2003 etiam
567 1969 672 2003 nota
703 1976 795 2002 esse
817 1968 933 2002 recte
956 1966 1212 2016 argumenta
1239 1961 1475 1997 tractaturo
1494 1953 1574 2005 vis,

182 2027 229 2059 et
249 2027 417 2069 natura,
437 2019 632 2060 onmium
654 2032 811 2068 rerum,
832 2026 876 2063 et
896 2018 998 2072 quid
1021 2029 1204 2072 quaeque
1222 2027 1367 2054 earum
1386 2011 1577 2068 plerum-

184 2091 268 2131 que
290 2076 470 2117 efficiat:
501 2076 604 2117 hinc
625 2076 740 2116 enirn
769 2083 869 2116 sunt
891 2089 987 2130 quae
1006 2077 1118 2113 εἰκότα
1147 2072 1364 2112 dicuntur.
1429 2068 1578 2110 Credi-

185 2132 335 2174 biliam
356 2142 499 2182 autem
518 2147 678 2189 genera
700 2141 800 2173 suut
822 2132 923 2174 tria:
958 2143 1091 2172 unuin
1113 2127 1421 2177 firmissimum,
1452 2126 1572 2181 quod

185 2189 276 2231 fere
298 2191 473 2242 accidit,
492 2199 553 2241 ut,
576 2190 736 2231 liberos
758 2204 782 2229 a
804 2188 1051 2245 parentibus
1073 2186 1206 2226 amari
1225 2202 1233 2227 :
1257 2183 1437 2227 alterum
1457 2183 1579 2225 velut

186 2248 457 2304 propensius,
468 2262 567 2289 eum
577 2247 649 2303 qui
660 2254 777 2288 recte
788 2245 930 2287 valeat
943 2244 983 2286 in
1000 2243 1231 2286 crastinum
1245 2247 1548 2297 perventurum
1564 2256 1575 2282 τ

188 2305 361 2346 tertium
387 2312 552 2346 tantum
581 2319 670 2345 non
702 2317 963 2359 repugnans,
995 2301 1038 2342 in
1068 2300 1199 2341 domo
1228 2298 1391 2340 furtum
1413 2296 1579 2340 factum

190 2362 244 2402 ab
267 2375 319 2402 eo
340 2362 413 2417 qui
435 2362 553 2403 domi
575 2360 673 2408 fuit.
735 2360 927 2415 Ideoque
944 2357 1201 2400 Aristoteles
1235 2356 1276 2396 in
1308 2353 1500 2396 secundo
1523 2354 1578 2396 de

188 2426 280 2459 arte
303 2418 517 2461 rhetorica
536 2419 648 2460 libro
670 2416 1003 2473 diligentissime
1019 2422 1085 2456 est
1105 2422 1329 2462 executus,
1361 2411 1464 2468 quid
1489 2411 1581 2452 cui-

191 2488 276 2529 que
298 2476 376 2525 rei,
405 2484 449 2517 et
471 2475 573 2532 quid
595 2475 750 2530 cuique
773 2473 955 2523 homini,
988 2471 1126 2513 soleat
1156 2469 1374 2512 accidere:
1409 2478 1452 2509 et
1473 2483 1579 2523 quas

191 2544 276 2581 res,
307 2547 500 2587 quosque
532 2532 747 2581 homines,
779 2532 934 2587 quibus
967 2531 1093 2570 rebus
1126 2535 1202 2568 aut
1233 2525 1483 2568 hominibus
1511 2524 1580 2565 vel

193 2588 469 2629 conciliasset
497 2588 565 2630 vel
599 2589 826 2639 alienasset
862 2588 954 2644 ipsa
986 2595 1159 2634 natura3
1195 2591 1257 2633 ut,
1290 2581 1462 2623 divitias
1481 2581 1583 2636 quia

195 2653 413 2699 sequatur,
444 2655 519 2686 aut
557 2646 783 2696 ambitum,
816 2654 890 2688 aut
927 2643 1300 2699 superstitionem3
1332 2637 1436 2693 quid
1477 2638 1582 2679 boni

195 2702 398 2758 probent,
429 2702 532 2757 quid
569 2702 671 2743 mali
714 2709 880 2759 petant,
912 2700 1015 2756 quid
1053 2699 1227 2748 milites,
1260 2696 1364 2751 quid
1405 2694 1581 2748 rustici3

196 2772 283 2815 quo
303 2773 484 2812 quaeque
501 2759 632 2799 modo
648 2773 714 2800 res
735 2759 860 2801 vitari
881 2758 941 2800 vel
965 2757 1112 2813 appeti
1135 2755 1286 2796 soleat.

256 2813 416 2857 Verum
438 2815 520 2859 hoc
548 2815 704 2872 exequi
728 2816 881 2858 mitto:
914 2829 1001 2857 non
1035 2814 1149 2855 enim
1182 2811 1365 2867 longum
1397 2815 1585 2862 tantum,
