2015 3341
441 155 501 207 86
871 176 969 213 mn.
1001 175 1080 210 ιιι.
1140 176 1254 211 οΑΡ.
1285 175 1398 211 vm.
1432 194 1438 198 -
1467 194 1472 201 ·

440 264 588 320 quitur
622 273 672 308 ut
709 266 795 309 hoc
833 267 1102 323 subjiciatur,
1142 268 1308 325 alioqui
1339 267 1599 325 pereundum
1639 272 1725 314 est,-
1767 266 1830 313 ita

440 331 620 376 propter
649 324 692 364 id
715 325 855 380 ipsum
873 340 958 366 non
977 332 1043 365 est
1061 339 1252 376 necesse,
1270 327 1371 381 quia
1390 326 1529 382 perire
1551 326 1694 381 potius
1713 326 1828 368 licet.

441 375 643 434 Denique
659 395 746 422 non
775 380 973 423 fecerunt
1004 381 1249 437 Saguntini,
1279 396 1361 423 nec
1394 384 1437 423 in
1459 391 1549 423 rate
1574 384 1632 435 (l)
1655 381 1829 438 Opiter-

440 433 547 489 gina
572 436 871 483 circumventi.
931 438 1073 492 Igitur
1107 439 1151 480 in
1183 438 1252 479 his
1283 453 1454 494 quoque
1486 439 1641 488 causis,
1672 446 1748 479 aut
1773 439 1828 480 de

442 490 535 532 sola
555 493 800 549 ambigetur
820 494 1025 545 utilitate,
1056 503 1131 536 aut
1149 495 1333 551 quaestio
1355 497 1466 537 inter
1481 494 1588 536 utile
1604 504 1732 551 atque
1751 494 1830 537 hot*

440 556 614 590 nestum
636 551 856 595 consistet.
915 552 977 592 At
991 552 1124 602 enim,
1156 553 1189 592 si
1212 552 1307 607 quis
1328 552 1487 593 liberos
1509 566 1734 607 procreare
1754 567 1833 592 vo-

441 603 518 656 let,
550 620 726 648 necesse
757 607 917 649 habeat
944 623 1125 651 uxorem
1157 608 1330 650 ducere.
1391 609 1501 658 Quis
1529 607 1726 649 dubitat?
1755 608 1830 650 sed

440 662 498 712 ei,
531 664 604 719 qui
626 671 747 719 pater
768 665 862 706 vult
883 665 990 715 fieri,
1022 664 1186 721 liqueat
1216 679 1390 706 necesse
1418 675 1498 716 est,
1529 679 1712 706 uxorem
1739 680 1832 706 esse

442 718 704 762 ducendam.
765 721 920 778 ltaque
953 722 1060 763 mihi
1092 737 1146 763 ne
1179 722 1409 766 consilium
1440 721 1619 778 quidem
1645 722 1832 772 videtur,

441 776 517 818 ubi
539 779 769 823 necessitas
790 788 876 830 est3
909 793 996 821 non
1019 779 1156 834 magis
1176 794 1303 834 quam
1326 780 1399 820 ubi
1424 786 1594 820 constat
1613 778 1715 833 quid
1739 779 1832 821 fieri

443 835 623 879 omnino
652 850 741 876 non
771 851 910 892 posse.
970 835 1124 881 Omnis
1159 836 1276 877 enim
1312 835 1568 877 deliberatio
1604 835 1659 876 de
1690 836 1834 878 dubiis

443 899 523 932 est.
583 891 748 934 Melius
776 894 924 949 igitur,
955 894 1029 949 qui
1062 893 1232 934 tertiam
1266 901 1431 949 partem
1465 893 1670 934 dixerunt
1688 893 1834 941 δυνατὸν,

443 948 560 1002 quod
584 949 718 990 nostri
737 950 929 1005 possibile
950 950 1198 1002 norninant3
1230 965 1328 1006 quae
1346 959 1393 992 ut
1417 949 1524 993 dura
1539 949 1738 992 videatur
1758 961 1835 1005 ap-

442 1005 642 1061 pellatio,
675 1013 819 1048 tamen
842 1007 934 1048 sola
953 1013 1033 1048 est.

501 1061 622 1108 Quas
662 1074 803 1119 partes
834 1078 922 1110 non
955 1078 1105 1104 omnes
1138 1063 1181 1104 in
1213 1076 1389 1105 omnem
1408 1063 1562 1107 cadere
1584 1062 1835 1113 suasoriam,

442 1119 714 1161 manifestius
736 1132 800 1162 est
817 1135 946 1176 quam
968 1128 1016 1160 ut
1033 1120 1277 1162 docendum
1296 1122 1364 1162 sit.
1423 1121 1585 1162 Tamen
1605 1120 1719 1175 apud
1741 1119 1836 1175 ple-

442 1189 598 1232 rosque
629 1191 771 1218 earum
809 1191 1012 1218 numerus
1042 1185 1240 1232 augetur,
1270 1192 1295 1217 a
1333 1177 1489 1232 quibus
1529 1186 1749 1232 ponuntur
1789 1184 1838 1222 ut

444 1241 606 1289 partes,
623 1248 719 1289 quae
743 1235 907 1290 species
925 1244 1025 1275 sunt.
1045 1234 1243 1289 partium.
1277 1233 1838 1290 Namfas‚justum,pium,

446 1304 622 1346 (equum,
653 1298 912 1332 mansuetum
932 1304 1105 1346 quoque
1125 1291 1206 1341 (sic
1237 1291 1487 1332 eni1n⁴sunt
1508 1290 1778 1345 interpretati
1799 1292 1838 1329 τὸ

445 1347 576 1400 hegen)
603 1354 647 1388 et
668 1348 701 1388 si
724 1363 809 1403 qua
827 1348 970 1388 adhuc
991 1348 1180 1403 adjicere
1202 1347 1296 1402 quis
1317 1346 1511 1403 ejusdem
1531 1347 1700 1402 generis
1719 1346 1839 1396 velit,

447 1401 603 1459 subjici
626 1414 806 1459 possunt
825 1405 1048 1446 honestati.
1107 1403 1174 1445 An
1205 1406 1260 1444 sit
1283 1402 1592 1459 autemfacz'le,
1624 1417 1839 1460 magnum,

431 1459 688 1514 jucundum,
706 1463 790 1503 sine
801 1462 993 1518 periculo
1005 1460 1027 1503 ’.2
1040 1461 1092 1502 ad
1109 1461 1393 1516 quaestionem
1409 1462 1597 1517 pertinet
1607 1461 1839 1510 utilitatis,-

446 1518 520 1570 (μή
541 1517 621 1560 loci
645 1520 840 1560 oriuntur
863 1534 918 1560 ex
941 1519 1310 1569 contradictione3
1346 1518 1426 1559 Est
1446 1518 1609 1572 quidem
1628 1518 1749 1570 utile,
1769 1515 1849 1563 sed.

447 1572 635 1628 dggr‘e‘cile,
659 1589 859 1632 parvum,
891 1576 1179 1632 injmumlzcm,
1204 1575 1504 1632 periculosum.
1535 1592 1571 1615 rw

505 1631 667 1673 Tamen
691 1634 949 1688 quibusdam
973 1633 1143 1674 videtur
1164 1647 1255 1674 esse
1277 1647 1587 1688 nonnunquam
1609 1631 1839 1689 dejucun-

447 1685 586 1729 ditate
620 1690 709 1731 sola
743 1690 1028 1731 consultatio:
1062 1703 1110 1732 ut
1130 1690 1163 1731 si
1193 1689 1247 1730 de
1270 1690 1530 1731 aedificando
1553 1689 1740 1741 theatro,
1771 1690 1839 1733 in-

447 1744 677 1791 stituendis
697 1747 827 1797 ludis,
849 1747 1128 1789 deliberetur.
1174 1746 1259 1792 Sed
1280 1747 1499 1788 neminem
1521 1747 1630 1788 adeo
1651 1746 1840 1796 solutum

446 1799 553 1843 luxu
574 1812 695 1859 puto,
727 1812 775 1845 ut
797 1804 905 1845 nihil
927 1805 967 1845 in
993 1819 1121 1845 causa
1142 1803 1352 1844 suadendi
1370 1813 1572 1858 sequatur
1589 1811 1746 1860 praeter
1762 1819 1839 1846 vo-

446 1856 676 1915 luptatem.
737 1861 965 1906 Praecedat
999 1862 1115 1902 enim
1149 1875 1318 1916 semper
1349 1860 1514 1916 aliquid
1546 1875 1720 1902 necesse
1751 1869 1838 1914 est;

447 1924 498 1955 ut
519 1917 561 1957 in
586 1917 715 1968 ludis,
745 1917 885 1959 honor
905 1918 1101 1967 deorum,
1133 1917 1177 1958 in
1201 1918 1387 1967 theatin,
1418 1933 1504 1959 non
1527 1917 1692 1959 inutilis
1714 1917 1841 1960 labo-

448 1986 544 2014 rum
565 1975 775 2025 remissio,
808 1975 1014 2017 deformis
1047 1983 1092 2015 et
1123 1974 1402 2016 incommoda
1430 1976 1584 2024 turbae,
1617 1975 1651 2016 si
1685 1975 1730 2017 id
1751 1990 1839 2017 non

447 2031 518 2080 sit,
550 2032 838 2074 conflictatio:
872 2040 915 2073 et
936 2031 1074 2074 nihilo
1103 2031 1243 2074 minus
1265 2031 1413 2073 eadem
1436 2031 1512 2075 illa
1538 2032 1710 2087 religio,
1740 2047 1842 2076 cum

446 2087 667 2130 theatrum
689 2089 823 2131 veluti
842 2089 1062 2143 quoddam
1080 2088 1195 2129 illius
1212 2089 1319 2129 sacri
1342 2089 1551 2145 templum
1573 2089 1841 2131 vocabimus.

509 2145 634 2201 Saepe
656 2160 757 2187 vero
778 2154 822 2187 et
845 2146 1078 2187 utilitatem
1106 2145 1429 2201 despiciendam
1450 2160 1542 2187 esse
1564 2146 1765 2196 dicimus,
1793 2154 1844 2188 ut

446 2200 633 2243 honesta
653 2202 882 2244 faciamus:
915 2211 964 2244 ut
993 2217 1093 2244 cum
1126 2202 1214 2244 illis
1248 2202 1519 2258 Opertiginis
1552 2203 1704 2244 damus
1737 2218 1843 2244 con·

448 2259 611 2309 Silium,
641 2274 697 2300 ne
727 2275 770 2301 se
802 2259 1000 2301 hostibus
1033 2259 1210 2308 dedant,
1240 2274 1488 2315 quanquam
1523 2260 1702 2316 perituri
1737 2260 1841 2311 sint,

449 2316 534 2358 nisi
556 2315 750 2358 fecerint.
812 2316 870 2359 Et
890 2316 1015 2358 utilia
1030 2316 1224 2358 honestis
1245 2316 1535 2371 praeferimus:
1560 2326 1609 2358 ut
1624 2331 1721 2358 cum
1744 2332 1843 2358 sua·-

450 2371 619 2423 demus,
643 2382 690 2414 ut
706 2373 817 2415 bello
837 2373 1005 2414 Punico
1024 2373 1132 2414 servi
1153 2381 1386 2414 armentur.
1429 2373 1515 2414 Sed
1539 2380 1682 2414 tamen
1701 2388 1842 2430 neque

449 2429 517 2472 liic
540 2430 666 2486 plane
688 2430 1019 2472 concedendum
1040 2437 1120 2479 est,
1152 2444 1243 2471 esse
1274 2430 1317 2470 id
1351 2429 1650 2480 inhonestum;
1682 2430 1851 2477 liberos

449 2488 567 2528 enim
589 2494 741 2528 natura
762 2502 928 2538 omnes,
960 2496 1004 2527 et
1024 2487 1185 2528 eisdem
1209 2494 1406 2528 constare
1427 2487 1669 2538 elementis,
1690 2497 1733 2529 et
1754 2488 1842 2530 for-

449 2552 562 2585 tasse
584 2545 771 2600 antiquis
792 2545 920 2586 etiam
952 2543 1173 2585 nobilibus
1194 2551 1328 2594 ortos,
1358 2543 1445 2585 dici
1469 2552 1634 2600 potest:
1665 2553 1711 2585 et
1730 2544 1840 2596 illic,

449 2602 524 2651 ubi
546 2601 824 2644 manifestum
851 2601 1090 2658 periculum
1121 2608 1202 2652 est,
1232 2600 1496 2657 opponenda
1525 2601 1634 2654 alia;
1665 2609 1715 2643 ut
1744 2616 1843 2645 cru-.-

492 2713 542 2752 (1)
569 2712 762 2754 Opitergium,
785 2712 946 2751 oppidum
963 2712 1076 2754 Italiae,
1099 2721 1162 2743 non
1179 2712 1295 2751 procul
1311 2722 1331 2742 a
1352 2711 1518 2744 Venetiis:
1544 2722 1584 2743 ex
1601 2722 1666 2752 quo
1683 2711 1774 2743 mille
1785 2711 1843 2750 ju-

448 2765 561 2792 venes,
585 2758 672 2787 bello
688 2757 773 2787 inter
789 2757 981 2795 Pompeium
995 2760 1030 2786 et
1039 2756 1202 2786 Caesarem
1218 2761 1341 2792 exorto,
1356 2755 1393 2797 in?
1403 2765 1509 2794 parva
1525 2761 1597 2786 rate
1614 2756 1847 2792 circumventi„

448 2800 575 2831 mutuis
592 2801 713 2831 ictibus
729 2800 901 2839 concidere
916 2800 1116 2835 maluerunt,
1141 2809 1242 2838 quam
1259 2809 1293 2828 se
1311 2799 1394 2829 hosti
1410 2799 1623 2831 trucidandos
1639 2799 1846 2841 relinquet&
1861 2799 1864 2801 ’
1894 2808 1896 2811 ·

445 2842 523 2881 vid.
538 2844 623 2878 Flor.
638 2845 724 2885 Epit.
743 2846 774 2883 4,
793 2846 825 2883 2,
844 2846 897 2877 35.
921 2845 972 2875 De
986 2843 1176 2883 Saguntinis
1193 2843 1257 2874 vid.
1276 2843 1344 2880 Liv.
1360 2844 1413 2881 21,
1434 2844 1485 2876 14.
1512 2843 1548 2877 Ο.
1742 2844 1744 2848 ’
