2015 3341
451 163 506 205 16
922 180 1020 209 mn.
1055 180 1087 208 1.
1152 176 1258 208 0111.
1291 179 1367 209 111,

446 261 547 316 quia
567 262 686 303 nulla
706 277 771 303 res
793 273 857 304 est
878 280 974 319 quae
990 265 1178 321 perferre
1197 267 1331 321 possit
1346 266 1599 309 continuum
1614 267 1826 317 laborem,

446 328 574 372 atque
607 333 658 359 ea
689 334 858 373 quoque
892 336 987 374 quae
1019 336 1143 361 sensu
1166 331 1210 361 et
1231 324 1373 362 anima
1395 331 1557 373 carent,
1588 332 1636 365 ut
1656 338 1824 368 servare

445 374 533 413 vim
567 390 686 415 suam
719 377 898 429 possint,
930 377 1048 417 velut
1075 377 1241 418 alterna
1261 379 1405 433 quiete
1429 382 1490 432 (l)
1515 381 1823 431 retendunturr,

446 430 521 470 sed
558 431 674 485 quod
711 433 901 472 studium
937 432 1149 483 discendi,
1182 434 1418 484 voluntate,
1464 451 1560 490 quae
1597 438 1696 492 cogi
1735 451 1825 479 non

445 494 604 540 potest,
636 496 822 528 constat.
884 488 1036 543 ltaque
1058 501 1102 530 et
1124 491 1277 531 virium
1309 491 1405 545 plus
1433 492 1618 532 afferunt
1648 494 1698 533 ad
1736 493 1825 533 dis-

445 543 633 583 cendum
654 544 847 584 renovati
880 560 930 585 ac
964 554 1171 596 recentes,
1205 555 1249 587 et
1271 548 1479 587 acriorem
1512 548 1719 597 animum,
1749 549 1826 603 qui

445 598 534 639 fere
556 600 884 641 necessitatibus
904 611 1133 657 repugnat,
1194 603 1288 644 Nee
1307 618 1375 644 me
1397 603 1628 644 offenderit
1649 604 1763 645 lusus
1780 605 1826 646 in

444 656 612 710 pueris:
645 664 710 696 est
726 665 769 697 et
785 657 869 698 hoc
886 660 1056 714 signum
1076 660 1306 701 alacritatis
1323 677 1333 711 ;
1366 675 1503 716 neque
1522 660 1641 701 illum
1659 661 1825 703 tristem

445 727 696 767 semperque
725 713 958 755 demissum
985 730 1154 771 sperare
1176 732 1349 772 possum
1369 725 1525 757 erectoe.
1547 717 1662 758 circa
1684 717 1826 758 studia

443 770 601 810 mentis
618 770 726 819 fore,
748 785 847 812 011111
871 772 912 812 in
932 771 1014 812 hoc
1032 788 1202 828 quoque
1219 774 1407 814 maxime
1422 773 1606 816 naturali
1624 774 1826 815 aetatibus
1869 787 1872 788 ’

443 825 530 867 illis
563 826 726 882 impetu
754 828 912 882 jaceat.
976 828 1138 870 Modus
1163 838 1305 870 tamen
1327 831 1382 871 sit
1403 830 1739 880 remissionibus,
1768 844 1826 871 ne

444 892 518 923 aut
541 883 689 924 odium
711 884 949 927 studiorum
973 885 1133 927 faciant
1153 896 1339 942 negatae,
1370 896 1444 928 aut
1478 887 1556 927 otii
1592 895 1826 928 consuetu:-

445 939 592 980 dinem
615 940 774 982 nimiae.
836 941 945 982 Sunt
967 943 1098 983 etiam
1125 942 1323 984 nonnulli
1355 944 1561 985 acuendis
1592 958 1825 999 puerorum

444 995 631 1051 ingeniis
666 1012 753 1037 non
786 997 959 1039 inutiles
979 999 1120 1050 lusus;
1152 1015 1267 1050 011111,
1298 1001 1449 1055 positis
1471 1001 1657 1041 invicem
1680 1001 1827 1056 cujus-

445 1067 614 1108 cunque
632 1057 798 1108 generis
815 1057 1155 1109 quaestiunculis,
1174 1057 1440 1098 aemulantur.
1489 1057 1638 1098 Mores
1652 1071 1824 1112 quoque

443 1109 556 1150 inter
573 1125 616 1150 se
634 1111 821 1152 ludendo
835 1112 1070 1167 simplicius
1089 1114 1319 1168 detegunt:
1350 1114 1482 1155 modo
1498 1113 1614 1156 nulla
1628 1114 1825 1155 videatur

444 1173 548 1207 aetas
564 1175 650 1207 tam
667 1167 850 1218 infirma,
870 1184 966 1223 quae
990 1184 1074 1210 11011
1096 1172 1291 1225 protinus
1309 1170 1413 1225 quid
1434 1178 1600 1212 rectum
1624 1185 1824 1226 pravum-

443 1238 527 1277 que
549 1223 604 1263 sit
627 1223 786 1275 (liscat3
821 1233 910 1266 tum
925 1225 990 1266 vel
1004 1227 1192 1267 maxime
1214 1226 1454 1276 formanda,
1473 1242 1571 1267 eum
1593 1226 1823 1269 simulandi

446 1280 590 1320 nescia
624 1288 704 1330 est,
751 1289 795 1321 et
828 1282 1179 1337 praecipientibus
1219 1282 1426 1323 facillime
1462 1283 1605 1324 cedit:
1652 1283 1825 1338 frangas

443 1337 559 1376 enim
582 1338 708 1377 eitius
728 1353 856 1392 quam
878 1339 1083 1393 corrigaS,
1114 1355 1210 1394 quae
1244 1340 1288 1380 in
1323 1355 1502 1395 pravum
1524 1340 1823 1383 induruerunt.

443 1392 647 1434 Protinus
668 1408 788 1449 ergo,
821 1410 873 1435 ne
896 1396 998 1450 quid
1022 1397 1194 1450 cupide,
1218 1411 1270 1437 ne
1291 1397 1394 1451 quid
1416 1397 1627 1450 improbe,
1651 1412 1703 1437 ne
1719 1396 1824 1451 quid

442 1449 705 1505 impotenter
727 1452 874 1501 faciat,
905 1454 1090 1493 mouend
1102 1468 1145 1494 115
1167 1463 1231 1494 est
1254 1467 1384 1509 puer3
1426 1453 1757 1509 habendumque
1779 1453 1824 1502 in

443 1508 589 1548 animo
611 1522 778 1563 semper
798 1508 904 1549 illud
930 1509 1240 1564 Virgilianum:

668 1565 788 1606 Adeo
812 1565 855 1607 in
877 1568 1028 1609 teneris
1048 1582 1302 1608 consuescere
1323 1566 1499 1608 multum
1521 1572 1594 1607 cst.

500 1625 567 1674 (Q.)
598 1621 721 1663 Credi
754 1637 855 1663 vero
878 1623 1109 1673 discentes,
1140 1639 1384 1679 quanquam
1417 1632 1460 1664 et
1494 1630 1717 1678 receptum
1750 1623 1823 1674 sit,

442 1688 486 1720 et
517 1680 784 1735 Chrysippus
816 1694 902 1720 11011
939 1680 1170 1735 improbet,
1202 1681 1378 1722 minime
1403 1680 1548 1721 velim.
1610 1680 1822 1730 Primum,

442 1736 543 1791 quia
575 1736 768 1777 deforme
799 1745 927 1792 atque
959 1737 1111 1778 servile
1143 1747 1229 1788 est;
1263 1745 1307 1778 et
1329 1745 1462 1786 certe,
1497 1739 1554 1790 (3)
1579 1736 1695 1791 quod
1719 1752 1825 1778 con-

441 1794 576 1842 venit,
615 1794 648 1833 si
686 1800 860 1834 aetatem
894 1801 1049 1844 mutes,
1080 1795 1246 1850 injuria.
1308 1794 1495 1844 Deinde,
1526 1793 1660 1849 quod,
1692 1794 1724 1833 si
1752 1794 1823 1837 cui

441 1856 530 1890 tam
551 1858 617 1890 est
637 1864 757 1890 mens
778 1850 1017 1900 illiberalis,
1046 1859 1094 1892 ut
1115 1851 1417 1906 objurgatione
1445 1865 1532 1891 non
1564 1850 1822 1906 corrigatur,

441 1906 476 1946 is
509 1907 640 1947 etiam
674 1907 725 1947 ad
761 1907 924 1962 plagas,
955 1915 1004 1948 ut
1022 1908 1208 1963 pessima
1227 1923 1408 1963 quaeque
1427 1907 1660 1962 mancipia,
1694 1907 1824 1949 dura,

440 1963 571 2004 bitur.
633 1963 875 2013 Postremo,
905 1964 1020 2018 quod
1042 1979 1095 2005 ne
1113 1979 1220 2020 opus
1240 1965 1323 2005 erit
1342 1964 1517 2019 quidem
1534 1963 1616 2004 hac
1637 1964 1825 2019 castiga-

441 2020 578 2070 tione,
618 2020 650 2060 si
683 2021 877 2061 assiduus
910 2021 1150 2063 studiorum
1187 2029 1366 2062 exactor
1402 2020 1631 2062 adstiterit.
1692 2021 1822 2064 Nunc

438 2076 530 2118 fere
563 2077 833 2132 negligentia
862 2077 1201 2133 paedagogorum
1224 2078 1284 2119 sic
1307 2081 1367 2131 (4)
1393 2077 1612 2119 emendari
1634 2077 1822 2129 videtur,

439 2144 487 2174 ut
509 2135 627 2189 pueri
663 2149 748 2177 non
779 2134 918 2175 facere
953 2150 1048 2189 quae
1085 2143 1204 2175 recta
1236 2142 1336 2175 sunt
1365 2142 1592 2191 cogantur,
1625 2134 1698 2174 sed
1721 2150 1820 2176 cum

437 2204 525 2230 non
549 2191 733 2231 fecerint
752 2192 996 2246 puniantur.
1057 2191 1275 2247 Denique,
1304 2206 1402 2232 011111
1428 2191 1648 2247 parvulum
1671 2192 1822 2231 verbe*

437 2247 554 2288 ribus
576 2248 785 2303 coegeris,
805 2249 907 2303 quid
923 2248 1075 2303 juveni
1099 2248 1247 2298 facias,
1271 2248 1341 2289 cui
1358 2263 1439 2293 nec
1459 2248 1656 2291 adhiberi
1676 2256 1822 2304 potest

436 2303 510 2351 bic
527 2312 682 2355 metus,
713 2312 759 2345 et
778 2305 941 2361 majora
962 2305 1172 2347 discenda
1189 2306 1315 2346 sunt?
1348 2336 1358 2348 .
1393 2336 1403 2347 .

481 2459 530 2497 (l)
554 2458 800 2488 Remittuntur:
847 2458 1012 2490 laxantur.
1061 2460 1154 2489 Hanc
1170 2458 1238 2488 vim
1261 2458 1428 2496 particula
1445 2469 1476 2488 re
1499 2459 1609 2489 habet.
1649 2459 1816 2496 Recludm

436 2502 574 2541 resigno.
600 2501 641 2531 R.
690 2502 781 2531 Male
798 2502 830 2531 in
847 2502 1047 2540 quibusdam
1072 2503 1162 2532 MSS.
1187 2503 1363 2532 retinentur.
1389 2502 1427 2532 O.

480 2546 529 2583 (¹2)
554 2546 685 2574 Utinam
700 2556 739 2575 ex
753 2546 821 2574 alta
833 2547 916 2575 turri
934 2547 1117 2577 concionari
1134 2545 1206 2585 quis
1219 2546 1378 2582 omnibus,
1393 2545 1449 2585 qui
1462 2553 1567 2583 usque
1584 2553 1718 2585 quaque
1731 2550 1821 2586 sunt,

433 2588 620 2628 paedagogis
638 2590 696 2618 hoc
713 2593 834 2627 posset.
882 2588 919 2618 G.

480 2633 530 2671 (5)
554 2633 649 2662 Quod
663 2632 816 2662 convenit
831 2631 916 2662 inter
931 2641 1055 2667 omneS,
1081 2632 1120 2661 de
1138 2641 1204 2672 quo
1221 2641 1334 2661 omnes
1351 2630 1569 2661 consentiunt.

479 2676 531 2714 (4)
557 2675 705 2713 Culpaea
723 2675 833 2714 pueris
849 2685 909 2714 per
924 2676 1157 2714 negligentiam
1183 2676 1438 2714 paedagogorum
1464 2676 1646 2706 commissae
1674 2675 1719 2706 sic
1746 2685 1819 2707 cor,

432 2717 595 2756 riguntur,
620 2722 668 2754 ut,
695 2719 756 2748 Sec.
781 2718 821 2748 R.
870 2720 1075 2757 Negligentia
1103 2720 1367 2757 paedagogorum,
1400 2728 1474 2756 qnae
1494 2719 1658 2756 permittit
1679 2729 1820 2761 peccare

434 2761 558 2800 pueris,
583 2762 794 2792 emendatum
813 2762 880 2791 itur
896 2764 1009 2800 11031115,
1036 2772 1112 2792 011111
1129 2766 1240 2792 tamen
1258 2762 1463 2800 propositum
1485 2771 1555 2791 esse
1579 2764 1641 2792 hoc
1665 2764 1817 2800 omnibus

432 2805 564 2844 debeat,
589 2805 646 2849 qui
662 2805 744 2837 alios
759 2811 900 2846 regunt,
914 2810 951 2837 ut
966 2816 1069 2837 cavere
1084 2806 1190 2837 malint
1205 2810 1326 2848 peccata
1343 2814 1430 2850 quam
1447 2804 1554 2839 ulcisci.
1601 2808 1640 2840 G.
