2015 3341
423 198 503 242 168
898 209 997 241 213.
1025 209 1095 239 vi.
1157 211 1265 239 CAP.
1296 211 1331 239 1.

415 299 638 357 affinibus
675 314 849 358 quoque
883 301 1046 343 eisdem
1077 299 1166 343 fere
1199 310 1400 353 uturum-3
1433 301 1505 344 sed
1543 303 1676 346 rarius
1715 302 1803 353 hic,

416 359 494 402 ille
532 360 681 413 saepius
712 373 762 399 ac
795 359 954 414 magis:
998 373 1099 400 nam
1137 359 1236 400 huic
1273 360 1491 401 concitare
1520 360 1710 416 judices,
1741 361 1803 402 illi

418 415 592 457 flectere
614 417 843 456 convenit:
876 429 1023 456 verum
1047 427 1091 456 et
1123 428 1347 457 accusator
1381 416 1512 457 habet
1546 417 1712 458 interim
1744 416 1806 456 la-

418 485 586 527 crymas
618 487 672 513 ex
702 472 980 512 miseratione
1007 472 1100 526 ejus
1129 474 1187 513 rei
1220 487 1349 528 quam
1374 474 1614 523 ulciscitur3
1647 484 1690 514 et
1710 487 1805 514 reus

368 547 371 555 1
418 526 473 568 de
497 529 756 583 indignitate
791 527 1023 569 calumuiae
1059 530 1391 584 conspirationis
1413 531 1710 571 vehementius
1740 530 1807 569 iu-

417 584 543 625 terim
566 586 775 640 queritur.
836 584 1043 629 Dividere
1065 589 1131 636 (1)
1160 586 1292 640 igitur
1325 586 1418 626 haec
1441 586 1582 627 officia
1610 600 1805 627 commo-

418 641 660 692 dissimum,
682 657 779 698 quae
796 640 1049 698 plerumque
1068 651 1187 693 suut,
1211 651 1257 683 ut
1270 642 1379 692 dixi,
1401 645 1612 698 prooemio
1633 642 1806 691 similia,

417 697 493 739 sed
528 698 747 748 liberiora,
781 699 1075 754 plenioraque.
1135 698 1369 741 Inclinatio
1397 700 1727 757 enimjudicum
1751 699 1806 739 ad

415 768 511 803 1105,
556 756 715 811 petitur
754 755 878 799 initio
918 755 1103 812 parciuS,
1147 771 1247 798 cum
1287 756 1458 797 admitti
1500 757 1601 798 satis
1641 764 1720 805 est,
1763 763 1808 797 et

415 812 555 854 oratio
579 819 670 854 tota
687 821 896 868 superest.
931 812 980 852 ln
1004 812 1180 869 epilogo
1200 827 1299 854 vero
1319 821 1398 864 cst,
1421 813 1588 869 qualem
1614 814 1808 854 animum

409 867 552 923 judex
582 868 625 910 in
654 869 879 911 consilium
900 868 1026 920 serat,
1056 871 1206 925 etjam
1226 869 1332 911 nihil
1354 871 1540 925 amplius
1562 870 1720 911 dicturi
1739 885 1809 910 su-

419 938 531 976 mUS,
566 939 645 967 nee
668 935 800 966 restat
819 940 904 980 quo
923 939 1153 967 servemus.
1215 925 1293 972 Est
1321 927 1452 981 igitur
1476 929 1664 982 utrisque
1687 941 1806 966 coln-

419 995 567 1030 mune,
597 982 830 1024 conciliare
870 983 968 1032 sibi,
999 994 1196 1030 avertere.
1222 984 1276 1023 ab
1308 983 1551 1024 adversario
1585 983 1805 1039 judicem;

417 1039 641 1083 concitare
663 1039 858 1088 affectus,
882 1051 926 1080 et
942 1054 1224 1095 componere:
1249 1047 1294 1080 et
1317 1041 1611 1081 brevissimum
1630 1040 1807 1096 quidem

417 1093 504 1136 hoc
525 1106 792 1152 praeceptum
815 1095 907 1136 dari
930 1097 1101 1150 utrique
1126 1097 1235 1153 parti
1269 1104 1433 1152 potest3
1464 1108 1512 1138 ut
1533 1105 1646 1137 totas
1667 1111 1807 1138 causae

417 1166 506 1193 suae
523 1145 639 1194 'vires
662 1160 804 1195 orator
823 1160 923 1193 ante
946 1154 1096 1193 oculos
1115 1162 1274 1213 p0uat3
1309 1164 1367 1202 et,
1400 1168 1497 1194 cum
1524 1154 1680 1196 viderit
1702 1153 1804 1208 quid

419 1207 701 1258 invidiosum,
735 1208 988 1258 favorabile,
1021 1209 1222 1259 invisum,
1255 1209 1515 1259 miserabile,
1553 1218 1627 1250 aut
1667 1210 1723 1250 sit
1765 1210 1808 1253 in

418 1265 547 1307 rebus
577 1273 652 1305 aut
687 1265 823 1306 videri
860 1267 1010 1321 possit,
1042 1280 1093 1306 ea
1122 1265 1254 1314 dicat,
1285 1267 1456 1321 quibus,
1489 1266 1675 1321 sijudex
1698 1275 1812 1308 esset

419 1322 527 1378 ipse,
550 1323 735 1363 maxime
758 1331 1016 1363 moveretur.
1078 1322 1162 1362 Sed
1184 1323 1342 1363 certius
1359 1331 1421 1363 est
1445 1324 1503 1363 ire
1527 1338 1601 1378 per
1622 1323 1809 1378 singula.

478 1377 549 1428 Et,
588 1393 680 1436 quae
715 1378 922 1420 conciliat
953 1378 1126 1435 quidem
1163 1389 1474 1429 accusatorem,
1506 1380 1548 1422 in
1588 1381 1810 1436 praeceptis

419 1435 696 1490 exordiijani
720 1436 925 1477 diximus.
987 1436 1200 1482 Quaedam
1238 1444 1397 1483 tamen,
1428 1452 1524 1492 quae
1549 1437 1638 1478 illic
1659 1445 1807 1477 osteu-

419 1494 522 1533 dere
557 1493 658 1533 satis
691 1501 771 1541 est,
804 1494 845 1534 in
885 1494 1158 1549 peroratione
1196 1493 1418 1549 implenda
1450 1501 1550 1535 sunt
1580 1494 1740 1549 magis:
1773 1493 1809 1534 si

422 1560 576 1590 contra
598 1550 900 1604 impotentem,
927 1551 1126 1599 invisum,
1158 1552 1445 1606 perniciosum
1469 1559 1665 1607 suscepta
1683 1565 1812 1591 causa

420 1613 509 1646 est:
543 1606 574 1646 si
591 1606 815 1660 judicibus
837 1607 939 1662 ipsis
958 1615 1032 1648 aut
1053 1606 1204 1661 gloriae
1223 1607 1443 1649 damnatio
1462 1608 1538 1657 rei,
1571 1620 1644 1649 aut
1666 1608 1810 1648 defor-

419 1663 561 1704 mitati
587 1663 729 1706 futura
750 1664 982 1706 absolutio.
1044 1663 1156 1704 Nam
1189 1665 1363 1720 egregie
1398 1664 1438 1704 in
1465 1664 1682 1705 Vatinium
1709 1664 1811 1704 Cal-

419 1735 512 1769 vus,
546 1720 743 1771 Factum,
777 1721 932 1775 inquit,
963 1720 1171 1760 ambitum
1207 1722 1323 1761 scitis
1352 1735 1518 1770 omnes,
1551 1733 1594 1763 et
1628 1722 1710 1762 hoc
1734 1736 1809 1762 vos

423 1776 531 1821 scire
567 1791 716 1817 omnes
754 1777 909 1818 sciunt.
971 1776 1127 1817 Cicero
1159 1778 1335 1831 quidem
1378 1778 1422 1819 in
1463 1777 1638 1819 Verrem
1677 1778 1810 1819 etiam

421 1832 640 1877 emendari
678 1849 801 1890 posse
824 1833 1326 1888 infamiamjudiciorum
1349 1834 1554 1876 damnato
1585 1849 1656 1876 reo
1687 1835 1811 1885 dicit,

419 1890 535 1946 quod
560 1901 624 1931 est
646 1905 777 1932 unum
798 1905 851 1932 ex
873 1891 1146 1946 supradictis.
1209 1891 1358 1932 Metus
1390 1892 1538 1941 etiam,
1571 1893 1604 1932 si
1636 1900 1701 1932 est
1732 1893 1810 1932 ad·-

421 1946 656 1997 bibendus,
687 1955 734 1988 ut
765 1946 871 1989 facit
904 1948 1036 1997 idem,
1067 1947 1183 1988 hunc
1217 1947 1374 1989 habeat
1408 1948 1553 1989 locum
1585 1948 1809 1991 fortiorem

422 2018 550 2059 quam
586 2005 627 2044 in
658 2005 888 2060 prooemio.
951 2004 1050 2051 Qua
1080 2004 1134 2045 de
1163 2018 1208 2045 re
1239 2005 1342 2066 quid
1367 2005 1588 2056 sentirem,
1619 2005 1702 2047 alio
1716 2006 1809 2065 jam

423 2059 536 2102 libro
555 2062 752 2116 exposui.

482 2117 713 2162 Concitare
746 2133 922 2174 quoque
954 2117 1178 2167 invidiam,
1211 2117 1377 2169 odium,
1410 2118 1533 2163 iram.
1564 2118 1739 2160 liberius
1762 2118 1808 2163 in

422 2176 699 2236 peroratione
729 2176 970 2232 contingit3
1003 2189 1186 2230 quorum
1221 2175 1429 2217 invidiam
1471 2176 1626 2247 gratia,
1659 2176 1810 2220 odium

423 2231 664 2286 turpitudo,
695 2232 801 2272 iram
824 2232 1007 2273 offensio
1021 2232 1185 2289 judicis
1210 2230 1329 2281 facit,
1363 2233 1397 2273 si
1417 2241 1670 2283 contumax,
1691 2248 1810 2274 arro-

425 2301 549 2344 gauS,
571 2303 744 2333 securus
765 2289 842 2340 sit;
874 2289 946 2344 qui
966 2304 1051 2330 non
1075 2303 1128 2330 ex
1147 2288 1262 2329 facto
1287 2289 1433 2338 modo,
1455 2289 1628 2331 dictove
1650 2290 1811 2345 aliquo,

427 2344 500 2387 sed
545 2345 680 2395 vultu,
713 2346 881 2396 habitu,
910 2356 1104 2401 aspectu,
1134 2344 1296 2385 moveri
1339 2346 1461 2388 solet.
1536 2346 1810 2402 Egregieque

404 2411 405 2414 ’
425 2402 552 2447 nobis
574 2402 922 2446 adolescentibus
943 2403 1103 2444 dixisse
1121 2409 1343 2444 accusator
1367 2402 1612 2444 Cossutiani
1631 2403 1811 2458 Capito-

424 2457 492 2501 nis
516 2459 756 2510 videbatur,
781 2459 934 2505 Graeee
951 2459 1145 2516 quidem,
1176 2458 1249 2500 sed
1274 2459 1317 2501 in
1340 2459 1458 2506 hunc
1480 2474 1674 2502 sensum:
1701 2459 1812 2505 Eru,

425 2515 564 2562 bescit
586 2515 800 2561 Caesarem
824 2517 992 2558 timere.

484 2572 658 2616 Summa
678 2583 821 2616 tamen
837 2572 1086 2615 concitandi
1109 2573 1288 2615 affectus
1309 2573 1547 2615 accusatori
1566 2573 1609 2614 in
1628 2572 1711 2614 boc
1728 2579 1809 2624 est,

423 2637 473 2674 ut
496 2629 538 2670 id
560 2630 675 2685 quod
695 2631 863 2686 objicit,
895 2638 971 2672 aut
989 2645 1118 2686 quam
1136 2631 1469 2679 atrocissimum,
1499 2638 1574 2672 aut
1594 2631 1742 2681 etiam,
1773 2631 1809 2680 si

424 2685 517 2732 fieri
534 2695 693 2743 potest,
727 2702 856 2750 quam
877 2688 1067 2731 maxime
1083 2687 1326 2734 miserabile
1344 2702 1435 2730 esse
1457 2688 1669 2737 videatur.

419 2871 455 2903 e*
469 2823 725 2901 iiisnssputm
740 2826 921 2868 separatim
947 2827 988 2861 de
1012 2827 1148 2863 diversis
1171 2829 1346 2863 affectibus
1372 2838 1457 2876 quos
1472 2827 1619 2864 excitant
1636 2831 1809 2865 accusatos·
