2015 3341
364 126 453 170 302
832 139 926 169 mn.
956 135 1008 167 x.
1072 134 1178 167 cAr.
1209 130 1301 166 vn.

360 232 597 281 pestutum,
612 222 674 266 sic
690 238 800 280 agen
808 224 837 264 ti
853 224 906 264 ad
922 224 1172 265 varietatem
1186 235 1410 264 causarum
1424 220 1534 262 ratio
1547 212 1756 261 mutand!

361 292 443 322 est.
502 282 620 328 Quid
648 295 774 336 porro
792 281 953 322 multus
970 280 1122 335 stylus,
1139 287 1185 320 et
1204 279 1374 320 assidua
1393 278 1539 326 lectio,
1556 284 1600 316 et
1621 275 1756 329 longa

361 337 603 379 studiorum
620 346 723 378 aetas
746 337 863 385 facit,
885 337 919 377 si
937 344 1084 377 manet
1103 336 1256 376 eadem
1278 350 1374 390 quae
1398 333 1482 374 fuit
1503 332 1755 387 incipienti-

361 393 443 435 bus
476 394 734 436 difficultas?
766 394 950 435 Periisse
985 393 1181 448 profecto
1215 390 1512 433 confitendum
1542 397 1608 430 est
1644 402 1755 444 prae·

361 451 536 491 teritum
561 451 772 500 laborem,
803 451 873 490 cui
896 464 1064 505 semper
1084 449 1198 489 idem
1223 448 1506 489 laborandum
1525 453 1604 487 est.
1666 444 1756 486 Ne·

360 522 446 562 que
477 521 559 562 ego
592 506 678 549 hoc
713 522 814 564 ago,
846 513 895 547 ut
926 520 982 547 ex
1016 514 1211 562 tempore
1244 505 1388 546 dicere
1423 503 1562 553 malit,
1593 500 1669 543 sed
1707 507 1756 542 ut

367 574 516 620 pos-Sit.

420 619 472 661 Id
510 629 653 661 autem
680 618 872 661 maxime
892 617 978 660 hoe
998 618 1130 660 modo
1153 630 1481 673 consequemur.
1541 615 1662 657 Nota
1682 612 1754 661 sit,

361 677 565 733 primum,
584 676 756 718 dicendi
781 677 873 717 via:
907 690 1045 730 neque
1064 676 1179 716 enim
1199 675 1314 731 prius
1335 674 1586 728 contingere
1607 684 1753 711 cursus

362 741 522 789 potest,
564 749 692 789 quam
726 733 965 782 scierimus,
997 746 1084 787 quo
1117 732 1172 772 sit
1204 740 1250 772 et
1280 745 1364 786 qua
1394 727 1752 786 perveniendum.

363 790 458 832 Nec
473 791 574 831 satis
587 800 753 832 estnon
774 791 988 844 ignorare,
1006 803 1104 843 quae
1123 798 1220 830 sunt
1239 783 1753 842 causarumjudicialium

362 855 522 903 parteS,
552 855 628 888 aut
647 847 937 903 quaestionum
961 846 1158 886 ordinem
1189 853 1304 886 recte
1339 844 1585 899 disponere,
1617 855 1754 897 quan·

362 919 491 959 quam
512 905 594 945 ista
614 912 714 945 sunt
730 903 970 959 pra-cipum
1003 903 1094 952 sed,
1126 902 1228 957 quid
1252 915 1423 957 quoquc
1447 899 1544 940 loco
1568 899 1753 956 primum

363 963 436 1010 sit,
465 961 571 1016 quid
603 960 856 1009 secundum,
888 974 938 999 ae
973 959 1205 1014 deinceps3
1249 973 1346 1014 quae
1379 958 1439 997 ita
1471 966 1570 998 sunt
1601 963 1755 997 natura

361 1018 583 1073 copulata,
605 1027 653 1058 ut
670 1018 824 1058 mutari
841 1026 914 1057 aut
932 1015 1144 1057 intervelli
1167 1017 1256 1056 sine
1274 1014 1529 1056 confusione
1550 1027 1635 1054 non
1652 1025 1753 1067 pos-

363 1075 463 1116 sint.
527 1075 732 1130 Quisquis
754 1082 897 1114 autem
920 1073 1034 1113 viam
1058 1087 1143 1128 qua
1164 1073 1219 1113 sit
1247 1070 1579 1127 ingrediendum
1599 1069 1754 1118 discet,

363 1131 547 1172 ducetur
569 1143 668 1172 ante
697 1131 843 1171 omnia
871 1144 1009 1170 rerum
1038 1130 1130 1185 ipsa
1150 1128 1256 1169 serie
1275 1128 1392 1169 velut
1412 1126 1543 1168 duce:
1576 1133 1755 1182 propter

361 1189 481 1244 quod
505 1187 700 1228 homines
717 1189 847 1228 etiam
871 1186 1041 1226 modice
1058 1185 1298 1235 exercitati,
1333 1183 1540 1224 facillime
1559 1193 1754 1224 tenorem

363 1244 408 1286 in
449 1245 767 1286 narrationibus
807 1254 992 1284 servant.
1053 1242 1242 1291 Deinde,
1292 1241 1397 1298 quid
1438 1254 1610 1295 quoque
1652 1238 1754 1280 loco

362 1309 575 1356 quaerant,
599 1301 759 1351 scient3
792 1315 873 1341 nec
897 1300 1335 1354 circumspectabunt,
1367 1311 1449 1338 nec
1471 1296 1753 1338 offerentibus

363 1372 410 1398 se
431 1358 605 1399 aliunde
623 1358 814 1399 sensibus
837 1357 1139 1407 turbabuntur,
1159 1370 1238 1397 nec
1257 1354 1528 1396 confundent
1541 1368 1595 1395 ex
1613 1353 1756 1394 diver-

362 1416 420 1456 sis
459 1416 718 1464 orationem,
760 1414 878 1456 velut
916 1413 1119 1454 salientes
1161 1412 1247 1454 hue
1285 1412 1407 1462 illuc,
1450 1425 1529 1452 nec
1573 1424 1753 1466 usquam

363 1471 625 1513 insistentes,
687 1471 929 1520 Postremo,
966 1470 1189 1511 habebunt
1223 1470 1400 1510 modum
1437 1476 1480 1508 et
1501 1468 1648 1512 finem,
1679 1467 1753 1522 qui

363 1542 456 1570 esse
478 1530 585 1570 citra
605 1528 861 1570 divisionem
892 1526 1035 1568 nullus
1068 1534 1226 1583 potest.
1288 1525 1484 1582 Expletis
1518 1539 1595 1580 pro
1618 1522 1755 1565 facul-

362 1591 453 1626 tate
470 1586 671 1626 omnibus
691 1600 788 1640 quae
811 1584 1130 1640 proposuerint,
1147 1584 1389 1639 pervenisse
1410 1596 1453 1623 se
1475 1582 1527 1622 ad
1551 1579 1753 1622 ultimum

364 1643 566 1685 sentient.
629 1642 686 1684 Et
702 1643 791 1683 haec
807 1642 984 1698 quidem
1006 1656 1061 1683 ex
1083 1648 1200 1682 arce:
1236 1640 1309 1681 illa
1333 1654 1432 1681 vero
1450 1653 1503 1681 ex
1521 1638 1684 1688 studio,-
1707 1644 1757 1678 ut

363 1700 536 1755 copiam
560 1700 770 1740 sermonis
791 1699 963 1754 optimi,
994 1697 1361 1753 quemadmodum
1384 1703 1647 1752 praeceptum
1672 1701 1753 1745 est,

362 1771 687 1812 comparemus3
720 1756 855 1797 multo
873 1771 922 1797 ac
943 1755 1062 1796 fideli
1085 1754 1198 1809 stylo
1220 1754 1281 1795 sie
1304 1753 1511 1795 formetur
1528 1752 1684 1802 oratio,
1706 1759 1758 1793 ut

364 1814 623 1868 scriptorum
646 1812 834 1853 colorem
858 1826 923 1862 ea,
953 1827 1049 1867 quae
1081 1812 1225 1852 subito
1245 1811 1381 1852 effusa
1402 1817 1517 1860 sunt,
1547 1808 1755 1861 reddant;

363 1878 424 1919 et,
456 1885 558 1911 cum
595 1869 735 1910 multa
776 1869 1087 1924 scripserimus,
1117 1868 1246 1909 etiam
1282 1872 1348 1919 (l)
1383 1867 1507 1922 plura
1544 1866 1753 1907 dicamus.

364 1927 478 1969 Nam
494 1926 777 1978 consuetudo,
794 1938 835 1967 et
851 1925 1122 1975 exercitatio,
1138 1925 1389 1966 facilitatem
1406 1923 1597 1964 maxime
1616 1921 1754 1978 parit;

362 1999 461 2040 quat
485 1986 518 2024 si
537 1983 756 2039 paululum
779 1983 1021 2024 intermissa
1041 1981 1186 2031 fuerit,
1205 1996 1291 2022 non
1309 1981 1514 2021 velocitas
1531 1980 1605 2021 illa
1620 1978 1754 2022 modo

363 2041 575 2090 tardatur,
596 2039 668 2081 sed
694 2041 833 2095 ipsum
852 2042 910 2091 (2)
932 2053 980 2079 os
1001 2053 1172 2094 quoque
1195 2038 1429 2079 concurrit.
1491 2037 1753 2091 Quanquam

363 2098 480 2138 enim
505 2112 614 2153 opus
634 2104 700 2138 est
724 2096 907 2137 naturali
927 2095 1113 2150 quadam
1138 2095 1379 2136 mobilitate
1401 2094 1550 2143 animi,
1566 2103 1629 2142 ut,
1650 2092 1754 2135 dum

363 2154 565 2210 proxima
587 2153 788 2203 dicimus,
818 2161 980 2193 struere
1001 2152 1207 2193 ulteriora
1242 2152 1468 2207 possimus,
1500 2163 1755 2205 semperque

363 2219 557 2252 nostram
575 2225 726 2252 vocem
746 2210 916 2266 provisa
937 2217 982 2249 et
1003 2209 1187 2250 formata
1206 2209 1418 2264 cogitatio
1438 2207 1650 2263 excipiat3
1681 2206 1755 2248 vix

364 2274 510 2310 tamen
529 2276 603 2308 aut
620 2277 773 2308 natura
789 2274 863 2307 aut
879 2266 988 2307 ratio
1006 2267 1048 2307 in
1066 2276 1152 2307 tam
1171 2265 1401 2320 multiplex
1417 2264 1607 2305 officium
1627 2261 1759 2304 didu-

362 2339 461 2366 cere
500 2325 690 2365 animum
729 2330 874 2379 queat,
906 2331 955 2364 ut
996 2322 1252 2372 inventioni,
1283 2321 1575 2376 dispositioni,
1605 2319 1757 2361 elocu-

365 2380 491 2432 tioni,
523 2380 665 2423 ordini
686 2381 916 2423 verborum
933 2392 1177 2436 rerumque,
1209 2387 1300 2420 tum
1322 2379 1373 2420 iis
1393 2392 1491 2436 quae
1511 2377 1635 2428 dicit,
1656 2390 1756 2434 quae

409 2523 460 2562 (1)
487 2521 630 2556 Paullum
646 2522 701 2552 hic
717 2522 757 2553 G.
771 2521 860 2551 Jens.
879 2519 1003 2560 paula-m
1022 2520 1120 2549 Goth.
1141 2521 1171 2550 Q.
1195 2519 1283 2552 unde
1300 2519 1382 2549 iliud
1394 2518 1485 2558 plura
1504 2516 1636 2549 defendi
1657 2525 1757 2556 posse

364 2567 505 2597 videtur.
538 2566 583 2596 Ea
601 2576 658 2603 pru
671 2565 760 2595 etiam
777 2565 878 2604 paulo
896 2570 971 2594 ante
985 2566 1045 2602 leg.
1062 2570 1152 2593 auct.
1166 2566 1327 2594 Gothana.
1352 2563 1424 2594 Vid.
1442 2572 1472 2593 c.
1490 2564 1519 2593 6.
1540 2562 1639 2601 hujus
1655 2560 1753 2591 libri:

362 2620 458 2646 —ea‚
483 2620 558 2649 quae
568 2610 675 2640 subito
687 2615 764 2640 nata
776 2614 864 2644 sunt,
890 2608 1106 2638 inserantur.›
1134 2607 1244 2637 Multa
1266 2608 1331 2643 illa,
1357 2615 1432 2646 qnae
1449 2605 1687 2645 scripserimus,
1710 2604 1761 2636 ad

365 2655 502 2683 verbnm
521 2654 552 2683 in
567 2653 695 2691 agendo
711 2652 845 2689 resen-e,
862 2660 926 2681 non
943 2661 982 2681 ex
1001 2651 1120 2686 studio,
1141 2650 1195 2679 sed
1214 2650 1372 2680 memoria
1389 2653 1450 2679 est.
1478 2648 1513 2678 O.

412 2697 463 2735 (2)
491 2696 543 2725 tta
561 2697 765 2727 restituimus
777 2697 864 2725 hunc
883 2695 1003 2731 locum,
1017 2695 1176 2733 probante
1193 2695 1357 2730 Gesncr03
1378 2702 1408 2731 q.
1420 2693 1484 2722 vid.
1501 2690 1650 2728 omnino3
1670 2690 1756 2722 illud.

366 2756 530 2790 εαρκημα,
553 2747 715 2786 glossema
731 2745 845 2784 utique
862 2744 1050 2775 recentioris
1062 2744 1134 2782 aevi,
1159 2743 1200 2774 ab
1215 2745 1366 2776 omuibus
1387 2744 1480 2776 MSS.
1496 2746 1530 2774 et
1549 2742 1644 2774 editt.
1670 2741 1755 2779 auti,-

364 2794 531 2834 quis-simis
548 2792 674 2828 abesse,
699 2794 830 2820 certum
848 2793 908 2819 est.
938 2787 975 2821 Ο.
