2015 3341
451 80 538 118 254
901 81 998 123 tm.
1032 95 1102 125 lx·
1164 94 1271 123 CAP.
1305 82 1373 124 xv'.

452 184 595 213 sermo
616 182 697 223 est,
730 175 800 217 cui
833 183 878 216 et
909 187 1048 218 rectus
1079 177 1203 228 ordo,
1232 188 1277 219 et
1308 185 1408 233 apta
1422 176 1640 232 junctura,
1671 175 1716 218 et
1734 177 1834 217 eutr}

453 227 520 269 his
542 245 742 271 numerus
776 241 1018 288 opportune
1044 235 1202 274 cadens
1225 239 1289 286 (l)
1312 236 1559 290 contigerit.
1620 233 1834 280 Quaedam·

451 299 555 326 vero
579 291 935 343 transgressiones
957 301 1000 330 et
1021 290 1165 346 longae
1183 300 1282 331 sunt
1303 292 1446 341 nimis,
1478 298 1524 332 ut
1546 290 1836 346 insuperiori-

451 341 532 382 bus
554 342 744 384 diximus
764 345 899 396 libris,
919 354 963 386 et
984 347 1157 388 interim
1171 349 1299 388 etiam
1315 348 1629 403 compositione
1644 347 1834 394 vitiosam

451 413 548 452 quae
572 400 616 439 in
638 399 722 441 hoc
744 403 884 456 ipsum
902 411 1123 458 petuntur,
1155 413 1202 445 ut
1221 404 1421 445 exultent
1439 412 1568 459 atque
1586 403 1833 451 lasciviant3

450 454 600 509 quales
633 456 718 497 illae
743 458 1181 510 MaecenatiS,—Sole
1202 471 1245 502 et
1267 475 1420 502 aurora
1440 463 1597 502 rubent
1626 460 1835 515 plurimaz

452 509 574 552 Inter
607 527 726 554 sacra
757 516 894 556 movit
927 532 1038 572 aqua
1074 517 1288 559 fraxinos:
1343 518 1411 559 Ne
1433 518 1637 572 exequias
1659 516 1836 572 quidem

452 581 563 610 unus
596 569 708 611 inter
737 573 997 614 miserrimos
1021 575 1210 615 viderem
1245 589 1360 615 meas
1374 575 1562 629 z—quod
1597 575 1706 615 inter
1738 572 1836 612 haec

451 626 687 680 pessimum
710 636 789 678 est,
821 631 922 684 quia
956 631 998 671 in
1031 646 1074 671 re
1111 632 1217 672 tristi
1242 631 1355 672 ludit
1375 631 1649 686 compositio.
1709 630 1834 682 Saepe

452 692 600 722 tamen
621 693 686 724 est
720 685 950 727 vehemens
971 687 1125 743 aliquis
1153 702 1299 729 sensus
1321 689 1364 728 in
1381 689 1537 739 verb03
1569 686 1701 743 quod,
1734 687 1767 726 si
1791 687 1836 726 in

451 739 598 780 media
620 749 740 796 parte
757 744 983 785 seutentiae
1004 745 1126 796 latet,
1149 746 1316 786 transiri
1339 745 1596 794 intentione,
1618 753 1662 786 et
1681 745 1836 784 obscu-

451 796 535 836 rari
557 797 963 854 circumjacentibus
992 802 1124 853 solet3
1157 802 1199 842 in
1222 801 1414 843 clausula
1434 803 1623 858 positum
1645 801 1836 860 assigna-

454 859 524 892 tur
544 853 747 906 auditori,
780 868 824 897 et
849 858 1070 914 infigitur3
1102 859 1228 914 quale
1261 869 1328 900 est·
1361 859 1468 900 illud
1501 858 1740 907 Ciceronis,
1779 857 1836 898 Le

453 909 537 950 tihi
558 925 708 952 necesse
731 921 829 954 esset
852 915 896 954 in
918 922 1135 971 conspectu
1156 916 1314 972 populi
1329 914 1517 957 Romani
1549 930 1708 956 vomere
1735 929 1834 969 pos-

453 966 599 1009 tridie.
659 968 860 1011 Transfer
892 971 976 1012 hoc
998 972 1223 1023 ultimum;
1256 974 1396 1014 minus
1418 972 1604 1013 valebit:
1636 986 1733 1012 nam
1768 979 1835 1011 to-

452 1023 538 1064 tius
561 1024 715 1066 ductus
743 1026 813 1067 hic
836 1038 899 1068 est
921 1031 1040 1083 quasi
1063 1044 1229 1079 mucro,
1253 1040 1301 1070 ut
1322 1044 1397 1085 per
1414 1044 1456 1070 se
1479 1029 1612 1069 foedae
1631 1028 1835 1069 vomendi

452 1082 716 1130 necessitati,
740 1084 833 1140 jam
870 1085 978 1125 nihil
1012 1086 1123 1126 ultra
1145 1088 1490 1141 expectantibuS,
1521 1085 1634 1126 hanc
1664 1099 1835 1140 quoque

452 1136 662 1192 adjiceret
689 1139 1028 1193 deformitatem,
1058 1151 1106 1183 ut
1134 1143 1255 1184 cibus
1277 1144 1411 1185 teneri
1445 1157 1535 1184 non
1567 1152 1714 1198 posset
1736 1156 1838 1197 posu·

455 1194 599 1235 tridie.
636 1227 646 1236 .

513 1250 627 1292 Haec
648 1253 846 1304 arbitror,
879 1264 927 1296 ut
955 1256 999 1296 in
1031 1256 1169 1308 brevi,
1199 1256 1253 1297 de
1290 1256 1436 1297 ordine
1468 1255 1599 1296 fuisse
1627 1254 1837 1305 dicenda;

449 1306 523 1361 qui
542 1308 573 1348 si
596 1309 776 1350 vitiosus
792 1319 873 1361 est,
893 1311 995 1353 licet
1015 1323 1058 1354 et
1081 1314 1294 1355 vinciatur
1314 1316 1376 1365 (2)
1396 1323 1513 1368 apte,
1536 1320 1579 1352 et
1596 1322 1838 1368 opportune

453 1364 583 1405 cadat
602 1367 758 1417 oratio,
790 1374 933 1409 tamen
951 1370 1106 1411 merito
1125 1371 1415 1426 incomposita
1434 1370 1612 1410 dicatur.

510 1421 726 1464 ιῙιιηεΐιινα
750 1425 963 1479 sequitur:
996 1441 1047 1468 ea
1069 1437 1134 1469 est
1156 1429 1199 1469 in
1234 1428 1391 1477 verbis,
1424 1427 1585 1476 incisis,
1616 1425 1839 1476 membris,

455 1479 667 1534 periodis3
703 1483 866 1533 (omnia
894 1498 1079 1538 namque
1102 1485 1183 1526 ista
1211 1493 1256 1526 et
1277 1485 1456 1526 virtutes
1472 1494 1517 1526 et
1533 1484 1638 1524 vitia
1655 1483 1697 1524 in
1719 1497 1839 1524 com·-

452 1535 586 1591 plexu
615 1536 795 1590 liabent)
827 1549 974 1595 atque,
1007 1548 1055 1581 ut
1084 1542 1281 1583 ordinem
1313 1556 1480 1597 sequar,
1505 1540 1708 1596 primu-m,
1740 1554 1838 1596 quae

452 1593 665 1648 imperitis
692 1609 863 1651 quoque
886 1597 940 1638 ad
962 1598 1340 1654 reprehensionem
1363 1597 1569 1639 notabilis
1588 1597 1772 1646 videtur,
1794 1596 1840 1637 id

454 1660 535 1699 est,
568 1665 667 1704 qua,
698 1654 938 1695 commissis
969 1656 1083 1696 intei-
1114 1670 1158 1699 se
1193 1655 1335 1697 verbis
1373 1655 1557 1705 duobus,
1599 1669 1653 1695 ex
1690 1653 1841 1696 ultima

454 1707 608 1760 prioris
630 1722 679 1748 ac
702 1710 839 1763 prima
854 1713 1071 1766 sequentis
1088 1713 1253 1768 syllaba
1273 1712 1467 1753 deforme
1483 1711 1656 1766 aliquod
1679 1725 1841 1751 nomen

454 1763 662 1805 efficitur:
696 1772 783 1806 tum
805 1769 1014 1810 vocalium
1037 1784 1292 1821 concursus3
1326 1769 1399 1824 qui
1421 1784 1517 1810 cum
1539 1767 1715 1817 accidit,
1732 1768 1841 1816 hiat,

454 1830 498 1860 et
539 1820 778 1872 intersistit,
811 1832 854 1863 et
889 1826 1008 1880 quasi
1048 1826 1217 1868 laborat
1250 1827 1412 1867 oratio:
1455 1826 1640 1882 pessime
1678 1824 1840 1880 longae,

453 1891 546 1931 quae
573 1877 744 1919 easdem
767 1880 878 1920 inter
899 1897 943 1922 se
964 1882 1109 1925 literas
1137 1885 1432 1933 committunt,
1462 1883 1698 1924 sonabunt:
1730 1896 1841 1936 prae·

452 1933 606 1989 cipuus
647 1942 793 1977 tamen
833 1939 915 1978 erit
948 1939 1090 1981 hiatus
1121 1955 1283 1990 earum,
1314 1955 1411 1995 quae
1445 1954 1553 1980 cavo
1584 1945 1660 1979 aut
1687 1938 1840 1994 patulo

451 1991 642 2032 maxime
664 2006 737 2033 ore
754 1993 1014 2038 efferuntur:
1049 1996 1105 2046 E,
1139 1997 1305 2053 planior
1341 1997 1465 2037 litera
1497 2005 1576 2045 est,
1610 1994 1651 2045 I,
1681 2010 1840 2050 angus‘

453 2048 561 2095 tior;
594 2048 778 2104 ideoque
816 2051 1036 2094 obscurius
1071 2055 1116 2095 in
1151 2054 1215 2095 his
1250 2054 1425 2094 vitium:
1460 2053 1602 2093 minus
1638 2052 1840 2107 peccabit

453 2105 528 2158 qui
547 2103 687 2161 longis
705 2107 854 2148 breves
872 2110 1088 2166 subjiciet,
1120 2121 1164 2152 et
1191 2110 1335 2152 adhuc
1352 2110 1424 2164 qui
1446 2118 1671 2165 praeponet
1693 2108 1839 2164 longae

452 2161 652 2203 brevem:
686 2164 863 2205 minima
889 2178 953 2208 est
976 2168 1019 2208 in
1042 2167 1208 2209 duabus
1234 2167 1434 2209 brevibus
1455 2166 1661 2207 offensio:
1694 2175 1841 2220 atque,

453 2232 554 2259 cum
590 2218 678 2260 aliae
712 2221 1031 2278 subjunguntur
1061 2224 1172 2274 aliis,
1204 2224 1383 2280 perinde
1422 2224 1658 2278 asperiores
1698 2232 1840 2272 erunt,

453 2285 581 2329 prout
603 2277 687 2317 oris
708 2276 828 2318 hiatu
853 2280 976 2321 simili
1000 2289 1073 2321 aut
1091 2282 1260 2322 diverso
1282 2281 1692 2337 pronuntiabuntur.
1737 2279 1841 2320 Non

454 2341 599 2373 tamen
621 2333 662 2373 id
687 2341 732 2374 ut
753 2335 916 2378 crimen
939 2338 1091 2393 ingens
1112 2337 1491 2394 expavescendum
1511 2344 1597 2387 est3
1630 2350 1679 2377 ac
1695 2336 1841 2377 nescio

454 2387 726 2445 negligentia
749 2390 792 2431 in
810 2391 911 2444 hoc,
943 2409 996 2435 an
1017 2394 1251 2436 solicitudo
1269 2395 1324 2435 sit
1340 2395 1483 2451 pejor:
1516 2393 1711 2434 inhibeat
1724 2393 1841 2436 enim

498 2523 512 2551 (
518 2525 549 2561 1)
576 2524 730 2566 Contingit
745 2527 787 2558 al.
807 2528 931 2568 contigit
943 2530 1038 2560 Goth.
1056 2531 1130 2561 Jam
1144 2541 1183 2561 ex
1200 2530 1445 2570 compendiaria
1462 2530 1623 2561 scribendi
1639 2531 1764 2562 ratione
1772 2541 1843 2563 con-

453 2570 544 2607 rifle,
578 2569 676 2600 facile
699 2576 731 2600 et
757 2581 891 2610 pronum
916 2581 988 2602 erat
1012 2584 1182 2613 reponere
1199 2575 1374 2614 corniger-in
1407 2579 1445 2604 ut
1471 2584 1628 2605 numerus
1657 2580 1843 2613 opportune

455 2614 587 2648 cadens,
611 2614 791 2645 secundum
816 2616 898 2646 illud
924 2617 1014 2646 Fabii
1041 2623 1258 2656 praeceptum‚
1283 2619 1344 2657 ipsi
1373 2618 1483 2655 Fabio,
1507 2618 1601 2657 cujus
1631 2618 1840 2651 felicissimus

455 2664 505 2687 est
521 2657 642 2695 ubique
660 2667 775 2695 sermo,
795 2659 869 2697 jure
881 2660 1023 2699 quodam
1041 2662 1138 2691 modo
1153 2663 1356 2693 restituatur.
1384 2662 1420 2692 O.

498 2702 549 2738 (2)
574 2701 626 2730 lta
638 2701 700 2739 leg.
721 2711 762 2731 ex
774 2703 871 2733 Goth.
884 2705 971 2733 Jens.
989 2704 1049 2734 &tx
1069 2705 1123 2735 ubi
1133 2711 1242 2745 aperte,
1256 2707 1371 2737 vitiose
1384 2716 1444 2746 pro
1460 2708 1590 2747 opfirte,
1603 2716 1659 2736 seu
1670 2710 1841 2746 opportune.

453 2742 532 2783 Apte
544 2744 585 2774 ad
597 2744 803 2784 juncturam,
828 2752 987 2788 quortzme
1002 2748 1043 2778 ad
1061 2758 1237 2781 numerum
1253 2750 1385 2791 proprie
1402 2751 1515 2783 referri
1527 2753 1664 2784 videtur.
1693 2750 1728 2782 Ο.
