2015 3341
403 211 431 253 8
893 217 992 251 ΜΒ.
1026 215 1061 250 1.
1123 220 1229 249 CAP.
1262 217 1295 250 1.

402 308 633 366 perdamus
653 309 842 365 primum
865 309 1011 350 statim
1034 316 1228 363 tempus:
1261 314 1391 362 atque
1408 320 1460 348 eo
1482 306 1638 356 minus,
1659 294 1778 360 quod

404 367 530 406 initia
551 365 770 406 literarum
804 365 896 405 sola
931 366 1138 405 memoria
1168 371 1393 414 constant3
1425 378 1515 418 quae
1538 377 1625 403 non
1645 362 1777 402 modo

397 422 493 478 jam
515 430 581 462 est
601 422 642 462 in
659 422 818 477 parvis,
849 421 923 461 scd
946 429 1034 461 tum
1054 421 1185 460 etiam
1207 421 1479 469 tenacissima
1499 430 1578 461 est.

463 478 558 518 Nec
574 493 667 518 sum
683 477 792 517 adeo
810 484 983 517 aetatum
1004 476 1269 532 imprudens,
1293 484 1341 516 ut
1357 476 1603 516 instandum
1621 473 1778 514 teneris

403 534 601 592 protinus
634 535 788 574 acerbe
819 544 986 589 putem,
1016 533 1363 588 exigendamque
1392 532 1564 588 plenam
1586 545 1777 586 operam.

406 591 521 632 Nam
544 591 587 631 id
615 591 657 630 in
681 590 828 645 primis
850 604 1001 630 cavere
1019 590 1254 645 oportebit,
1286 604 1339 629 ne
1361 588 1503 630 studia
1533 588 1607 642 qui
1637 600 1781 626 amare

403 647 600 688 nondum
622 654 767 702 potest
787 646 943 695 oderit,
960 654 1004 687 et
1019 646 1350 687 amaritudinem
1372 644 1501 685 semel
1522 650 1777 699 praeceptam

404 705 538 744 etiam
573 703 687 744 ultra
720 703 844 744 rudes
866 718 1000 754 annos
1021 703 1286 744 reformidet.
1349 703 1483 742 Lusus
1519 701 1590 741 hic
1625 700 1704 740 sit:
1737 708 1782 739 et

403 768 598 816 rogetur,
630 768 674 800 et
696 759 912 807 laudetur,
943 767 988 800 et
1008 775 1227 814 nunquam
1250 774 1336 799 non
1359 759 1489 799 scisse
1510 772 1553 798 se
1577 755 1780 812 gaudeat.

403 817 656 873 Aliquando
693 817 785 872 ipso
821 816 998 858 nolente
1033 817 1241 857 doceatur
1280 817 1405 865 alius,
1451 815 1521 855 cui
1562 813 1780 853 invideat:

405 874 644 915 contendat
666 874 853 922 interim,
885 881 930 914 et
949 874 1097 928 saepius
1127 874 1300 914 vincere
1333 886 1378 913 se
1413 878 1564 928 putet:
1596 868 1780 926 praemiis

405 931 555 982 etiam,
588 946 683 986 quae
707 931 824 987 capit
846 929 920 971 illa
942 939 1061 980 aetas,
1091 938 1310 971 evocetur.

463 988 603 1029 Parva
624 988 846 1036 docemus,
874 987 1186 1028 instituendum
1221 996 1438 1027 oratorem
1468 983 1672 1041 professi:
1705 980 1781 1022 sed

404 1051 472 1084 est
491 1059 567 1085 sua
586 1045 717 1085 etiam
739 1043 890 1084 studiis
913 1042 1120 1095 infantia3
1153 1051 1212 1093 et,
1244 1050 1292 1084 ut
1314 1054 1546 1099 corporum
1567 1054 1670 1080 mox
1695 1039 1782 1079 for-⁵

404 1101 668 1142 tissimorum
700 1101 902 1141 educatio
935 1115 960 1140 a
990 1100 1102 1141 lacte
1131 1101 1336 1155 cunisque
1360 1099 1530 1139 initium
1553 1097 1689 1146 ducit,
1723 1096 1783 1136 ita

403 1157 574 1199 futurus
614 1157 992 1212 eloquentissimus
1033 1157 1173 1197 edidit
1207 1156 1442 1211 aliquando
1482 1154 1693 1209 vagitum,
1738 1162 1784 1193 et

402 1213 526 1269 loqui
548 1215 736 1270 primum
758 1214 923 1255 incerta
943 1228 1050 1254 voce
1072 1214 1269 1263 tentavit,
1288 1223 1331 1253 et
1350 1213 1467 1253 haesit
1488 1213 1603 1252 circa
1622 1210 1782 1250 formas

401 1269 643 1312 literarum.
704 1271 814 1320 Nec,
861 1271 891 1310 si
935 1270 1038 1324 quid
1079 1271 1244 1310 discere
1288 1270 1388 1309 satis
1428 1283 1514 1309 non
1556 1274 1636 1316 est,
1681 1266 1781 1306 ideo

401 1341 579 1369 necesse
600 1341 687 1368 non
708 1335 782 1367 est.
845 1327 973 1373 Quod
1011 1326 1045 1366 si
1072 1341 1200 1367 nemo
1223 1325 1500 1382 reprehendit
1518 1331 1686 1379 patrem
1707 1322 1783 1377 qui

402 1383 495 1425 haec
517 1399 603 1425 non
627 1383 890 1440 negligenda
926 1383 969 1423 in
1003 1397 1079 1423 suo
1114 1383 1204 1423 filio
1234 1390 1371 1438 putet,
1401 1397 1478 1423 cur
1501 1381 1783 1436 improbetur,

404 1441 441 1482 si
476 1441 571 1496 quis
606 1455 656 1481 ea
691 1456 782 1496 quae
818 1440 937 1481 domi
973 1455 1055 1479 sua:
1095 1448 1211 1481 recte
1251 1439 1428 1490 faceret,
1478 1438 1519 1478 in
1557 1436 1781 1493 publicum

402 1498 595 1553 promit?
641 1497 786 1552 Atque
822 1511 874 1538 eo
913 1498 1049 1552 magis
1086 1497 1200 1552 quod
1238 1497 1407 1537 minora
1442 1496 1571 1536 etiam
1613 1493 1788 1534 facilius

402 1554 594 1595 minores
626 1554 900 1610 percipiunt3
934 1563 992 1603 et,
1027 1564 1073 1595 ut
1094 1568 1276 1610 corpora
1306 1553 1359 1594 ad
1399 1551 1608 1609 quosdam
1646 1564 1782 1590 mem-

402 1611 579 1652 brorum
602 1612 739 1652 flexus
759 1611 930 1651 formari
950 1610 1030 1651 nisi
1048 1619 1195 1652 tenera
1215 1625 1300 1651 uon
1319 1616 1514 1666 possunt,
1536 1609 1596 1649 sic
1617 1608 1782 1647 animos

403 1682 579 1723 quoque
616 1669 669 1709 ad
709 1668 916 1723 pleraque
954 1667 1146 1708 duriores
1184 1668 1313 1708 robur
1354 1668 1489 1722 ipsum
1531 1665 1651 1705 facit.
1711 1665 1780 1704 An

402 1723 637 1781 Philippus
674 1725 973 1765 Macedonum
1009 1738 1084 1765 rex
1119 1724 1368 1765 Alexandro
1403 1724 1495 1764 filio
1533 1736 1609 1762 suo
1647 1720 1784 1777 prima

400 1780 623 1822 literarum
667 1781 883 1822 elementa
925 1781 1034 1821 tradi
1080 1782 1135 1822 ab
1180 1780 1430 1830 Aristotele,
1479 1793 1647 1820 summo
1689 1778 1782 1832 ejus

403 1838 546 1878 aetatis
588 1837 865 1893 philosopho,
910 1838 1130 1887 voluisset,
1173 1848 1248 1878 aut
1286 1838 1355 1878 ille
1395 1836 1652 1891 suscepisset
1694 1835 1782 1875 hoc

403 1894 614 1945 officium,
647 1896 679 1935 si
702 1910 789 1935 non
809 1895 1049 1935 studiorum
1082 1895 1205 1935 initia
1226 1911 1251 1935 a
1272 1893 1585 1949 perfectissimo
1609 1906 1783 1946 quoque

402 1952 597 2000 tractari,
628 1952 844 2007 pertinere
881 1951 934 1991 ad
973 1966 1184 1992 summam
1221 1952 1501 1992 credidisset?
1548 1949 1783 2003 Fingamus

404 2009 538 2063 igitur
551 2008 849 2049 Alexandrum
865 2008 953 2049 dari
970 2009 1109 2059 nobis,
1130 2009 1377 2064 impositum
1400 2007 1582 2062 gremio,
1598 2005 1783 2060 dignum

403 2072 527 2106 tanta
548 2080 650 2106 cura
672 2065 898 2115 infantem,
937 2069 1197 2120 (quanquam
1221 2081 1318 2106 suus
1342 2066 1497 2121 cuique
1519 2064 1676 2118 dignus
1697 2065 1778 2114 est)

403 2122 624 2177 pudeatne
664 2137 733 2163 me
774 2123 818 2162 in
858 2122 959 2177 ipsis
998 2123 1140 2162 statim
1183 2122 1408 2163 elementis
1458 2120 1590 2162 etiam
1635 2120 1784 2160 brevia

404 2178 594 2219 docendi
618 2187 852 2220 monstrare
875 2179 1163 2234 compendia?

465 2236 619 2290 Neque
660 2237 775 2276 enim
815 2235 922 2276 mihi
974 2235 1083 2276 illud
1133 2234 1282 2276 saltem
1324 2235 1482 2290 placet,
1532 2233 1648 2289 quod
1691 2233 1782 2275 fieri

403 2290 450 2333 in
488 2292 684 2348 plurimis
718 2292 860 2341 video,
892 2299 940 2332 ut
975 2292 1196 2333 literarum
1236 2293 1414 2333 nomina
1445 2299 1489 2332 et
1525 2299 1783 2332 contextum

403 2349 524 2404 prius
546 2364 674 2404 quam
697 2349 855 2390 formas
874 2349 1036 2404 parvuli
1055 2350 1239 2390 discant.
1285 2348 1442 2389 Obstat
1464 2348 1548 2388 hoc
1569 2349 1784 2403 agnitioni

406 2419 572 2455 earum,
624 2420 710 2447 non
752 2406 1076 2447 intendentibus
1116 2421 1221 2447 mox
1253 2406 1444 2446 animum
1483 2405 1535 2445 ad
1568 2406 1683 2460 ipsos
1721 2408 1782 2457 (1)

405 2461 580 2512 ductus,
612 2462 715 2503 dum
738 2463 1068 2504 antecedentem
1089 2463 1340 2504 memoriam
1358 2471 1609 2517 sequuntur.
1672 2462 1782 2507 Quae

406 2533 537 2559 causa
568 2527 633 2560 est
668 2520 1030 2574 pxaecipientibus,
1063 2531 1110 2560 ut
1144 2520 1291 2569 etiam,
1323 2534 1419 2560 cum
1459 2520 1558 2560 satis
1596 2519 1783 2559 affixisse

407 2590 480 2616 eas
502 2577 643 2631 pueris
667 2584 785 2616 recto
807 2576 899 2625 illo,
931 2592 1017 2631 quo
1042 2578 1225 2631 primum
1246 2577 1375 2617 scribi
1397 2576 1552 2624 solent,
1573 2583 1783 2617 contextu

405 2632 625 2682 videntur,
655 2641 903 2685 retroagant
924 2648 1080 2683 rursus,
1112 2641 1156 2673 et
1187 2634 1302 2674 varia
1334 2634 1651 2688 permutatione
1687 2647 1785 2688 per-

406 2691 600 2739 turbent,
631 2689 770 2730 donec
792 2690 935 2730 literas
964 2690 1036 2744 qui
1070 2691 1352 2731 instituuntur
1373 2691 1482 2730 facie
1505 2690 1664 2739 norint,
1696 2704 1783 2730 non

407 2746 576 2788 ordine.
637 2747 912 2803 Quapropter
953 2747 1133 2803 optime,
1185 2748 1298 2788 sicut
1335 2747 1578 2797 hominum,
1627 2746 1785 2804 pariter

451 2856 503 2896 (Σ)
526 2856 659 2887 Formas
675 2865 713 2888 ac
730 2856 865 2901 figuras,
890 2860 934 2894 et,
960 2862 996 2888 ut
1012 2858 1059 2888 ita
1077 2858 1197 2896 dicam,
1221 2861 1349 2888 tractus
1367 2857 1548 2889 literarum.
