2015 3341
481 109 566 148 358
927 118 1030 151 mn.
1063 117 1158 150 xu.
1219 119 1324 150 CAP.
1356 121 1437 151 ιιι.

484 211 581 255 Nisi
603 211 715 254 forte
745 213 1047 267 imperatorem
1078 212 1173 268 quis
1203 213 1410 256 idoneum
1443 215 1601 267 credit,
1632 217 1675 258 in
1709 214 1871 273 praeliis

485 269 662 325 quidem
685 277 906 310 strenuum
928 280 972 311 et
994 270 1168 319 fortem,
1188 279 1232 312 et
1253 272 1463 322 omnium,
1485 287 1581 328 quae
1602 287 1750 328 pugna
1771 287 1872 328 pos?

487 327 566 375 cit,
599 327 831 374 artificem3
863 327 937 367 sed
957 340 1036 368 nec
1060 325 1251 368 delectus
1268 341 1412 383 agere,
1435 343 1514 369 nec
1532 327 1680 387 copias
1698 340 1872 371 contra-

485 381 593 424 here
613 393 740 438 atque
762 383 985 433 instruere,
1016 396 1096 423 nec
1127 385 1372 439 prospicere
1393 398 1676 434 commeatus,
1705 399 1784 427 nec
1805 385 1888 425 lov

487 454 589 480 cum
609 454 763 495 capere
785 441 934 481 castris
965 440 1197 481 scientem:
1230 442 1346 496 prius
1365 450 1431 481 est
1450 442 1565 483 enim
1584 452 1702 483 certe
1723 455 1872 498 parare

487 496 622 545 bella,
643 510 772 551 quarn
795 510 958 551 gerere.
999 496 1133 551 Atqui
1156 497 1401 543 simillimus
1423 496 1523 538 huic
1545 497 1601 538 sit
1621 499 1874 548 advocatus,

491 553 525 593 si
550 553 688 608 plura,
718 567 814 608 quae
836 552 890 593 ad
912 552 1174 593 vincendum
1196 553 1357 603 valent,
1388 553 1483 594 aliis
1500 554 1743 610 reliquerit:
1774 569 1874 596 cum

490 611 732 665 praesertim
755 610 854 660 hoc,
888 609 1003 665 quod
1037 617 1103 650 est
1123 610 1312 651 maxime
1340 613 1644 661 necessarium,
1674 625 1761 652 non
1784 618 1874 654 tam

491 666 547 709 sit
569 666 767 715 arduum,
800 680 929 721 quam
969 665 1121 722 procul
1152 666 1421 708 intuentibus
1453 666 1634 710 fortasse
1664 667 1874 711 videatur..

491 722 694 778 Namque
713 737 842 764 omne
866 724 945 772 'us,
977 723 1092 777 quod
1115 730 1181 762 est
1201 731 1382 773 certum,
1405 731 1480 764 aut
1498 725 1672 780 scripto,
1694 733 1768 764 aut
1787 738 1874 764 mo-

492 779 610 820 ribus
630 789 822 820 constat:
880 781 1026 821 ubium
1049 779 1260 833 (equitatis
1274 780 1420 836 regula
1437 781 1774 822 examinandum
1796 787 1878 825 est.

493 836 605 882 Quae
639 837 797 892 scripta
829 847 944 885 sunt,
974 846 1050 878 aut
1084 837 1224 891 posita
1258 837 1300 876 in
1322 851 1441 877 more
1476 837 1678 887 civitatis,
1711 837 1875 878 nullam

490 891 657 936 habent
678 893 1001 934 difficultatem:
1034 893 1297 948 cognitionis
1318 904 1416 934 sunt
1433 893 1564 943 enirn,
1582 909 1668 935 non
1691 894 1877 934 inventi-

491 951 604 990 onis.
662 950 723 991 At
743 966 838 1005 quae
867 949 1163 991 consultorum
1186 950 1399 1005 responsis
1419 950 1703 1005 explicantur,
1736 958 1810 991 aut
1833 950 1876 996 in

489 1007 718 1047 verborum
741 1006 1097 1063 interpretatione
1128 1014 1227 1047 sunt
1256 1007 1412 1065 posita,
1444 1007 1580 1048 autin
1605 1009 1709 1048 recti
1735 1007 1876 1062 pravi-

486 1078 571 1118 que
594 1064 859 1105 discrimine.
904 1063 1003 1104 Vim
1026 1063 1233 1118 cujusque
1257 1063 1372 1104 vocis
1390 1063 1646 1118 intelligere,
1664 1072 1738 1105 aut
1754 1078 1875 1104 com-

492 1135 626 1161 mune
663 1121 940 1176 prudentium
978 1130 1058 1170 est,
1089 1130 1163 1160 aut
1203 1119 1424 1176 proprium
1465 1121 1666 1161 oratoris:
1700 1120 1880 1175 aequitas

494 1177 663 1232 optimo
685 1178 840 1231 cuique
856 1177 1081 1218 notissima
1100 1185 1180 1217 cst.
1228 1176 1319 1217 Nos
1341 1190 1467 1231 porro
1490 1184 1534 1217 et
1557 1177 1717 1218 bonum
1741 1177 1879 1218 virum

494 1241 540 1274 et
573 1233 830 1290 prudentem
866 1235 908 1274 in
939 1233 1087 1288 primis
1116 1240 1329 1273 oratorem
1365 1240 1586 1288 putamus:
1618 1235 1812 1289 quicum
1835 1247 1880 1274 se

493 1290 550 1331 ad
574 1290 632 1340 id,
664 1289 779 1346 quod
804 1298 868 1330 est
891 1290 1103 1345 optimum
1128 1300 1296 1340 natura,
1327 1289 1547 1339 direxerit,
1579 1305 1662 1332 non
1698 1304 1880 1346 magno-

494 1361 597 1403 pere
626 1348 990 1395 commovebitur,
1021 1347 1054 1387 si
1087 1347 1180 1402 quis
1214 1347 1267 1387 ab
1300 1361 1351 1387 eo
1385 1346 1607 1388 consultus
1640 1347 1881 1397 dissentiat,

493 1419 592 1445 cum
610 1403 712 1459 ipsis
735 1404 820 1444 illis
838 1404 1026 1445 diversas
1048 1404 1158 1444 inter
1181 1417 1224 1444 se
1246 1403 1473 1458 opiniones
1496 1404 1604 1444 tueri
1627 1418 1881 1444 concessum

494 1461 565 1502 sit.
627 1460 711 1501 Sed
736 1461 883 1511 etiam,
904 1461 936 1501 si
961 1475 1084 1501 nosse
1102 1460 1204 1516 quid
1227 1460 1407 1515 quisque
1429 1462 1609 1502 senserit
1626 1460 1756 1510 volet,
1794 1460 1881 1501 lec-

491 1517 623 1560 tionis
646 1532 753 1573 opus
784 1526 864 1567 est,
895 1533 981 1572 qua
1013 1517 1122 1559 nihil
1155 1525 1221 1558 est
1252 1518 1296 1558 in
1331 1516 1482 1557 studiis
1515 1517 1877 1559 minusslaborio-

494 1588 605 1616 sum.
666 1575 794 1621 Quod
828 1575 862 1616 si
891 1575 1100 1630 plerique,
1133 1573 1359 1631 desperata
1389 1573 1597 1615 facultate
1619 1574 1794 1630 agendi,
1825 1573 1878 1617 ad

494 1631 751 1673 discendum
776 1633 849 1687 jus
888 1631 1232 1681 declinaverunt,
1277 1645 1405 1686 quam
1439 1630 1482 1671 id
1515 1631 1623 1672 scire
1656 1631 1784 1673 facile
1816 1640 1882 1673 est

495 1689 673 1738 oratori,
705 1689 818 1744 quod
859 1689 1034 1729 discunt
1068 1689 1139 1743 qui
1177 1703 1251 1728 sua
1283 1702 1454 1743 quoque
1486 1687 1757 1730 confessione
1787 1703 1883 1729 ora-1

496 1752 611 1786 tores
628 1760 719 1786 esse
739 1761 823 1786 non
846 1746 1051 1802 possunt?
1111 1744 1269 1786 Verum
1293 1752 1336 1784 et
1360 1744 1425 1785 M.
1450 1744 1576 1795 Cato,
1609 1760 1707 1786 cum
1739 1746 1780 1786 in
1814 1746 1881 1786 di-

495 1802 637 1843 cendo
673 1803 1066 1857 praestantissimus,
1095 1810 1184 1842 tum
1201 1801 1312 1856 juris
1333 1800 1417 1842 fuit
1438 1801 1554 1842 idem
1577 1802 1881 1858 peritissimus:

498 1867 546 1899 et
598 1859 800 1900 Seaevolae
854 1859 1090 1913 Servioque
1143 1859 1328 1913 Sulpitio
1380 1872 1586 1899 concessa
1637 1870 1701 1900 est
1751 1860 1882 1903 etiam

498 1915 715 1957 facundiae
755 1917 908 1957 virtus:
941 1923 984 1956 et
1022 1916 1090 1957 M.
1123 1915 1291 1957 Tullius
1324 1929 1408 1955 non
1444 1915 1575 1956 modo
1606 1916 1717 1957 inter
1751 1931 1885 1971 agen-

504 1973 609 2013 dum
646 1988 862 2026 nunquam
906 1981 972 2014 est
1009 1972 1239 2013 destitutus
1270 1971 1449 2013 scientia
1475 1972 1602 2028 juris,
1637 1972 1711 2014 sed
1753 1975 1885 2018 etiam

500 2044 764 2085 componere
781 2030 923 2085 aliqua
940 2030 992 2070 de
1015 2044 1066 2069 eo
1084 2040 1297 2084 cceperat3
1330 2039 1376 2069 ut
1393 2041 1612 2084 appareat,
1641 2044 1766 2086 posse
1788 2044 1884 2071 ora-

500 2096 640 2128 torem
654 2101 742 2128 non
757 2086 964 2128 discendo
981 2084 1242 2141 tantumjuri
1258 2100 1424 2134 vacare,
1439 2086 1512 2127 sed
1527 2088 1654 2128 etiam
1667 2086 1884 2131 docendo.

499 2143 662 2185 Verum
695 2158 761 2192 ea,
791 2159 888 2199 quae
922 2143 975 2184 de
1008 2143 1198 2184 moribus
1234 2141 1485 2184 excolendis
1517 2143 1746 2198 studioque
1774 2144 1905 2199 juris-

500 2201 803 2258 praecepimus,
847 2215 900 2241 ne
941 2200 1036 2256 quis
1075 2214 1128 2240 eo
1167 2198 1317 2240 credat
1355 2199 1725 2255 reprehendenda,
1767 2201 1884 2256 quod

501 2258 661 2298 multos
683 2259 980 2313 cognovimus,
1012 2257 1086 2312 qui
1116 2257 1249 2298 taedio
1281 2255 1456 2306 laboris,
1487 2271 1616 2311 quem
1647 2257 1756 2298 ferre
1790 2265 1885 2299 ten-v

502 2315 705 2355 dentibus
729 2314 781 2355 ad
805 2314 1098 2369 eloquentiam
1115 2327 1290 2354 necesse
1308 2321 1388 2364 est,
1419 2313 1696 2370 confugerint
1715 2314 1768 2355 ad
1791 2314 1887 2357 haee

504 2370 770 2412 deverticula
798 2371 997 2412 desidiae:
1030 2385 1209 2426 quorum
1244 2369 1316 2411 alii
1351 2385 1394 2411 se
1417 2369 1470 2411 ad
1495 2374 1559 2422 (1)
1576 2370 1724 2412 album
1745 2386 1796 2412 ac
1819 2386 1888 2413 ru·

503 2429 644 2469 brit-as
680 2427 1006 2477 transtulerunt,
1037 2435 1083 2469 et
1123 2426 1378 2476 formularii,
1411 2427 1493 2477 vel,
1527 2437 1573 2468 ut
1615 2427 1770 2469 Cicero
1809 2430 1886 2480 ait,

506 2484 681 2542 leguleii
697 2485 871 2541 quidam
894 2499 985 2526 esse
1009 2484 1274 2533 maluerunt;
1308 2491 1508 2539 tauquam
1532 2483 1704 2526 utiliora
1724 2485 1887 2540 eligen-

504 2550 569 2584 tes
592 2557 657 2591 ea,
688 2556 868 2597 quorum
888 2541 1023 2582 solam
1046 2541 1298 2583 facilitatem
1315 2542 1626 2597 sequebantur3
1658 2541 1727 2582 alii
1752 2542 1887 2598 pigri-

506 2600 581 2640 tiae
603 2598 927 2655 arrogantioris,
949 2598 1040 2654 qui,
1061 2598 1204 2639 subito
1226 2597 1368 2643 fronte
1390 2598 1591 2647 conficta,
1613 2598 1887 2655 immissaque

548 2696 600 2735 (1)
625 2695 737 2726 Albam
756 2693 916 2733 appellat,
941 2696 1001 2723 aut
1026 2693 1058 2724 in
1086 2702 1150 2732 quo
1175 2694 1446 2732 proponebantur
1471 2692 1618 2731 praetoris
1635 2693 1757 2730 edicta,
1780 2697 1839 2723 aut
1855 2682 1889 2732 in·

503 2748 568 2780 quo
584 2738 971 2777 scribebanturjudicum
988 2737 1131 2768 nomina.
1176 2737 1336 2778 Appellat
1350 2736 1577 2777 ruhricasjuris
1592 2737 1718 2775 titulos,
1741 2737 1821 2778 quia
1832 2747 1887 2771 ruff

507 2784 598 2815 brice.
609 2788 644 2814 et
658 2783 758 2815 minio
772 2782 992 2826 tingebantur.
1045 2780 1138 2812 'I‘zarm
