2015 3341
497 191 682 222 Divisio
711 190 888 221 ‘ro'rms
913 188 1102 219 orizam.
1182 181 1186 185 '
1435 181 1494 223 59

107 286 254 315 nonne
277 274 330 314 ab
359 272 585 314 intellectu
618 274 719 316 artis
753 273 955 322 abfuerit,
985 273 1026 313 in
1063 286 1147 326 qua
1172 270 1239 312 vel
1276 272 1495 328 praeeipue

113 329 342 372 laudabilis
360 341 423 371 est
446 330 519 370 illa
539 332 631 385 ipsa
651 331 834 381 novitas,
869 344 919 370 ae
943 329 1204 370 difficultas?
1236 330 1379 374 Quam
1401 330 1496 384 qui-

111 387 210 428 dem
235 389 418 442 gratiam
451 394 495 427 et
532 387 864 428 delectationem
895 386 1080 426 afferunt
1110 385 1277 440 figurae,
1310 401 1493 442 quaeque

112 443 156 487 in
176 445 384 494 sensibus,
406 459 586 498 quasque
609 445 650 484 in
676 445 813 484 verbis
836 453 948 483 sunt.
994 442 1175 483 Mutant
1196 443 1308 483 enim
1333 444 1499 499 aliquid

112 515 138 540 a
160 512 295 550 recto,
327 510 455 555 atque
478 500 589 540 hane
618 515 705 555 prae.
727 515 771 540 se
801 500 1004 540 virtutem
1022 499 1180 550 ferunt,
1211 501 1326 555 quod
1349 516 1374 542 a
1395 517 1500 543 con-

111 558 340 598 suetudine
361 557 525 610 vulgari
547 564 826 597 recesserunt.
1489 587 1494 591 .

171 614 320 655 Habet
348 614 391 654 in
426 608 593 668 pictura
625 613 812 667 speciem
845 618 937 651 tota
965 609 1122 653 facies:
1153 612 1331 668 Apelles
1355 624 1500 656 tamen

112 669 348 726 imaginem
388 669 600 724 Antigoni
641 669 775 709 latere
815 675 984 708 tantum
1024 668 1161 708 altero
1201 670 1408 720 ostendit,
1453 681 1501 714 ut

112 727 256 768 amissi
279 726 391 768 oculi
415 726 665 767 deformitas
698 725 864 765 lateret.
925 723 1074 769 Quid?
1105 739 1193 766 non
1227 727 1268 767 i'n
1303 729 1500 769 oratione

113 785 349 838 operienda
388 790 487 823 sunt
514 781 730 836 quaedam,
764 781 851 821 sive
882 780 1050 820 ostendi
1081 795 1168 821 non
1202 782 1378 834 debent,
1410 785 1500 825 sive

112 840 299 894 exprimi
333 854 410 895 pro
445 838 658 893 dignitate
681 853 765 878 non
801 839 1007 892 possunt?
1041 846 1087 877 ut
1107 837 1501 891 fecitTimanthes,

113 905 161 936 ut
181 896 351 951 opinor,
375 896 578 936 Cithnius
599 894 642 934 in
660 908 710 934 ea
728 893 873 934 tabula
889 908 973 948 qua
990 893 1191 935 Colotem
1208 894 1361 937 Teium
1380 897 1500 940 vicit.

114 951 228 993 Nam
262 967 362 993 cum
395 953 439 993 in
476 951 718 1007 Iphigeniae
757 949 1055 991 immolatione
1092 952 1301 1006 pinxisset
1334 954 1502 997 tristem

98 1008 422 1059 -Calcliantem,
473 1008 706 1049 tristiorem
748 1007 964 1062 Ulyssem,
998 1007 1255 1049 -addidisset
1294 1009 1501 1053 Blenelao

113 1080 243 1121 quem
261 1080 474 1107 summum
497 1073 666 1121 poterat
697 1079 762 1105 ars
785 1064 955 1104 efficere
977 1079 1231 1116 moerorem3
1264 1069 1502 1109 consumtis

112 1122 356 1173 affectibus,
387 1137 474 1162 non
498 1122 714 1177 reperiens
732 1136 817 1176 quo
832 1121 964 1176 digne
986 1122 1118 1162 modo
1140 1136 1313 1164 PATssts
1335 1125 1501 1167 vultum

114 1187 259 1235 posset
275 1179 534 1235 exprimere,
555 1178 716 1219 velavit
734 1179 825 1233 ejus
849 1185 994 1233 eaput,
1026 1186 1069 1218 et
1087 1195 1162 1219 suo
1180 1180 1335 1235 cuique
1356 1182 1502 1224 animo

114 1236 239 1280 dedit
260 1236 576 1277 aestimandum.
637 1235 795 1276 Nonne
819 1234 919 1275 huie
936 1234 1074 1275 simile
1096 1244 1160 1276 est
1181 1236 1286 1278 illud
1320 1238 1503 1280 Sallust-

114 1293 282 1343 ianum3
332 1292 444 1336 Nam
484 1292 531 1334 de
574 1291 835 1348 Carthagine
874 1299 1010 1332 tacere
1052 1293 1184 1334 satius
1218 1302 1345 1350 pute,
1377 1312 1501 1352 quam

105 1364 266 1407 parum
287 1349 422 1391 dicere
439 1349 462 1391 ᾗ)

116 1454 123 1457 ,
174 1406 356 1462 Propter
388 1422 485 1462 qnae
516 1407 622 1448 mibi
658 1420 825 1462 semper
853 1404 985 1446 moris
1017 1404 1114 1456 fnit,
1157 1422 1284 1462 quam
1325 1410 1503 1452 minime

115 1462 297 1519 alligare
330 1478 398 1504 me
427 1464 482 1504 ad
512 1473 731 1519 praecepta
764 1478 859 1518 quae
880 1462 1049 1500 καθολικὰ
1072 1475 1243 1514 vocant,
1274 1466 1317 1507 id
1351 1477 1415 1508 est
1438 1472 1508 1519 (ut

118 1520 310 1561 dicamus
327 1535 412 1575 quo
431 1522 561 1561 modo
581 1522 817 1576 possumus)
838 1520 1112 1570 universalia,
1130 1522 1196 1561 vel
1211 1525 1503 1578 perpetualia.

118 1577 235 1617 Raro
268 1578 382 1618 enim
410 1578 619 1632 reperitur
643 1577 725 1617 hoe
748 1591 901 1631 genus,
932 1587 978 1618 ut
999 1592 1083 1617 non
1110 1577 1360 1621 labefactari
1385 1591 1504 1636 parte

117 1634 275 1689 aliqua,
297 1641 371 1674 aut
393 1634 538 1674 subrui
560 1635 709 1689 possit.
770 1632 854 1673 Sed
878 1634 932 1674 de
955 1634 1020 1674 his
1043 1635 1207 1689 plenius
1223 1651 1298 1676 sno
1315 1640 1507 1696 quidque

117 1690 216 1732 loco
236 1691 530 1731 tractabimus.
564 1690 741 1731 Interim
763 1690 864 1730 nolo
885 1691 1121 1746 sejuvenes
1139 1693 1239 1732 satis
1259 1694 1505 1748 instructos,

117 1747 151 1788 si
187 1762 316 1801 quem
348 1761 403 1788 ex
439 1748 522 1797 his,
553 1749 627 1802 qui
661 1749 811 1789 breves
844 1746 1094 1802 plerumque
1128 1749 1505 1804 circumferuntur,

117 1803 243 1846 Artis
263 1803 458 1845 libellum
481 1804 756 1854 edidicerint,
787 1814 832 1844 et
853 1804 972 1844 velut
1004 1805 1188 1845 decretis
1214 1809 1271 1859 (1)
1299 1810 1506 1852 technico-

118 1876 211 1909 rum
233 1871 364 1911 tutos,
395 1868 564 1917 putent.
627 1861 772 1902 Multo
807 1860 971 1911 labore,
1002 1863 1173 1903 assiduo
1197 1864 1356 1915 studio,
1390 1869 1507 1910 varia

117 1918 447 1968 exercitatione,
485 1921 546 1971 (2)
579 1917 773 1974 plurimis
804 1919 1128 1973 experimentis,
1160 1919 1367 1963 altissima
1402 1941 1506 1981 pru-

119 1974 282 2024 dentia,
312 1975 645 2031 praesentissimo
666 1973 849 2016 consilio
871 1984 1041 2016 constat
1069 1992 1134 2017 ars
1168 1976 1359 2021 dicendi.
1420 1984 1507 2026 Sed

118 2031 346 2087 adjuvatur
378 2031 443 2073 his
475 2047 663 2087 quoque,
695 2033 728 2073 si
764 2039 905 2072 tamen
929 2043 1088 2074 rectam
1109 2033 1236 2083 viam,
1268 2051 1354 2078 non
1377 2053 1508 2083 unam

119 2089 305 2133 orbitam
328 2099 591 2130 monstrent:
624 2105 648 2130 a
669 2105 753 2144 qua
770 2088 988 2130 declinare
1014 2091 1085 2145 qui
1115 2091 1349 2134 crediderit
1371 2097 1507 2149 nefas,
1534 2095 1542 2103 ’

99 2145 307 2200 >patiatur
324 2160 497 2187 necesse
515 2155 579 2186 est
596 2146 714 2187 illam
730 2161 808 2202 per
824 2146 946 2187 funes
970 2147 1307 2203 ingredientium
1330 2154 1509 2195 tardita-

121 2212 225 2243 tem.
286 2201 454 2258 Itaque,
476 2211 521 2243 et
541 2210 719 2244 stratum
744 2202 920 2244 militari
939 2203 1087 2245 labore
1109 2203 1190 2245 iter
1211 2220 1325 2262 saepe
1348 2209 1509 2254 deseri-

119 2273 231 2308 muS,
262 2260 524 2315 compendio
547 2259 693 2311 ducti3
726 2270 785 2309 et,
817 2261 850 2300 si
883 2271 1046 2301 rectum
1076 2261 1259 2303 limitem
1284 2267 1395 2322 rupti
1421 2275 1509 2310 tor-

121 2316 313 2357 rentibus
351 2325 504 2372 pentes
545 2317 793 2368 inciderint,
836 2318 1064 2358 circumire
1102 2334 1328 2373 cogentum
1372 2332 1430 2373 et,
1474 2328 1508 2369 si

115 2371 251 2427 janua
278 2374 494 2414 tenebitur
526 2374 746 2424 incendio,
779 2388 855 2430 per
877 2375 1086 2430 parietem
1109 2376 1338 2420 exibimus.
1401 2381 1509 2425 Late

123 2428 263 2470 fusum
287 2444 393 2485 opus
414 2438 494 2480 est,
524 2441 567 2472 et
588 2431 831 2487 multiplex,
864 2439 908 2472 et
940 2446 1073 2488 prope
1103 2434 1298 2487 quotidie
1331 2451 1508 2491 novum,

123 2493 168 2526 et
188 2485 242 2526 de
262 2501 346 2541 quo
366 2501 580 2541 nunquam
603 2488 722 2529 dieta
751 2496 876 2530 erunt
897 2490 1054 2529 onmia.
1115 2490 1224 2535 Quae
1243 2502 1341 2533 sunt
1364 2501 1510 2538 tamen

124 2542 297 2590 tradita,
327 2543 430 2597 quid
463 2558 516 2584 ex
549 2544 614 2584 his
637 2545 865 2599 optimum,
895 2557 938 2586 et
967 2547 998 2586 si
1031 2545 1134 2601 quid
1157 2550 1328 2599 mutari,
1360 2552 1509 2608 adjici,

127 2598 294 2640 detrahi
318 2599 471 2640 melius
495 2601 726 2651 videbitur,
760 2603 903 2643 dicere
925 2603 1138 2658 experiar.
1160 2636 1169 2645 .
1192 2635 1200 2644 .
1223 2635 1232 2644 .

184 2654 286 2697 XV.
318 2655 675 2701 RHETORICE
703 2659 781 2710 sie,
814 2667 860 2701 ut
892 2660 1062 2716 opinor,
1092 2660 1256 2717 optime
1279 2662 1515 2720 dividetur,

173 2765 223 2804 (1)
253 2763 409 2795 Technicos
424 2766 574 2805 appellat
591 2767 663 2798 illos
681 2768 736 2807 qui
755 2774 925 2809 praecepta
940 2772 1032 2808 artis,
1056 2779 1118 2805 τας
1132 2765 1270 2812 τέχνας,
1298 2774 1486 2805 tradebant.

152 2810 224 2855 ιφ)
250 2808 357 2847 Longe
374 2810 592 2859 aliter-hune-
605 2812 715 2859 locum
742 2813 773 2842 in
799 2814 997 2852 quibusdam
1014 2816 1107 2847 editt.
1126 2816 1325 2857 impressum
1348 2818 1508 2859 legimus:

122 2852 258 2893 pluribus
273 2857 515 2893 experimentis,
538 2854 675 2886 alamno
691 2856 809 2888 consilio
825 2867 852 2887 e.
873 2868 902 2889 a.
921 2858 951 2888 d.
979 2858 1013 2890 0.
