2015 3341
721 169 784 198 nu
818 167 1171 198 NARRATIONE.
1565 163 1644 203 ³07

252 262 320 296 est
338 255 397 296 rei
422 254 566 307 factae,
601 256 667 298 vel
685 264 731 298 ut
753 257 897 308 faetae,
927 258 1045 299 utilis
1067 257 1119 298 ad
1143 255 1487 313 persuadendum
1511 275 1649 317 expo-

257 313 380 353 sitio:
415 314 498 363 vel,
531 324 579 355 ut
599 315 890 370 Apollodorus
906 315 1019 365 finit,
1052 317 1190 356 oratio
1208 315 1370 355 doeens
1388 317 1648 368 auditorem,

255 370 360 423 quid
383 371 423 410 in
441 373 735 412 controversia
749 373 816 412 sit.
852 371 958 412 Eam
977 372 1172 428 plerique
1190 371 1436 428 scriptoreS,
1460 377 1650 416 maxime

255 427 328 479 qui
362 435 462 467 sunt
493 429 546 469 ab
572 428 776 479 Isocrate,
809 429 961 469 volunt
983 443 1075 469 esse
1099 428 1299 479 lucidam,
1334 429 1510 481 brevem,
1542 434 1651 474 veri-

255 483 446 524 similem.
472 517 482 525 .
545 485 709 526 Eadem
728 486 851 526 nobis
875 486 1018 540 placet
1040 486 1217 526 divisio:
1251 501 1496 542 quanquam
1522 497 1565 530 et
1582 495 1647 542 (l)

256 539 512 581 Aristoteles
529 544 584 583 ab
601 542 790 582 Isocrate
806 554 925 598 parte
941 543 984 582 in
1001 557 1085 583 una
1101 543 1364 593 dissenserit,
1382 559 1650 603 praeceptum

260 595 482 638 brevitatis
503 598 699 647 irridens,
733 606 938 653 tanquam
968 614 1141 640 necesse
1165 600 1219 640 sit
1253 600 1430 656 longam
1453 611 1527 643 aut
1556 605 1650 645 bre-

260 667 358 695 vem
377 669 468 694 esse
490 656 827 710 expositionem,
847 670 929 702 ,nee
948 655 1075 696 liceat
1092 656 1153 696 ire
1171 671 1245 711 per
1267 659 1476 700 medium.
1507 661 1651 702 Theo-

256 711 377 751 dorei
399 726 571 766 quoque
595 713 729 752 solam
755 712 1005 766 relinquunt
1021 713 1217 752 ultimam
1237 724 1419 768 partem,
1452 718 1551 771 quia
1569 733 1650 761 nec

257 768 446 808 breviter
467 769 633 822 utique,
665 783 743 808 nec
765 769 972 817 dilucide,
1006 783 1174 823 semper
1204 770 1258 808 sit
1279 772 1385 811 utile
1414 786 1648 828 exponere.

257 825 358 869 Quo
379 824 630 879 diligentius
653 825 962 881 distinguenda
986 833 1085 865 sunt
1103 825 1288 881 singula,
1321 836 1382 877 ut,
1415 831 1517 883 quid
1542 847 1650 887 quo-

257 895 340 936 que
362 880 460 930 logo
484 882 635 936 prosit,
659 883 901 922 ostendam.
965 882 1168 922 Rari-ario
1186 891 1250 922 est
1267 892 1341 923 aut
1363 895 1453 925 tota
1473 901 1552 942 pro
1571 904 1650 931 no-

255 938 339 987 bis,
370 946 444 978 aut
465 945 555 978 tota
578 954 654 995 pro
678 939 946 988 adversariis,
980 948 1054 979 aut
1070 940 1198 980 mista
1219 953 1274 980 ex
1299 942 1504 997 utrisque.

313 995 359 1035 si
376 996 458 1035 erit
480 1005 570 1035 tota
590 1010 667 1052 pro
685 998 827 1045 nobis,
848 997 1043 1036 contenti
1063 997 1192 1037 simus
1215 997 1266 1036 iis
1284 999 1417 1039 tribus
1441 1003 1650 1055 partibuS,

255 1065 332 1107 per
352 1067 457 1106 quas
475 1052 675 1103 eflicitur,
691 1053 927 1110 quojudex
951 1053 1119 1093 facilius
1140 1053 1375 1110 intelligat,
1398 1059 1649 1111 mrnziuerz'c,

254 1109 417 1149 credat.
450 1109 544 1150 Nec
565 1111 789 1165 quisquam
810 1110 1144 1166 reprehensione
1165 1111 1345 1167 dignum
1371 1122 1508 1168 putet,
1532 1120 1650 1172 quod

256 1167 573 1221 proposuerim,
606 1182 718 1218 eam,
751 1183 848 1224 quae
883 1168 938 1208 sit
968 1176 1061 1208 tota
1091 1183 1167 1223 pro
1203 1170 1344 1219 nobis,
1377 1170 1535 1214 debere
1557 1189 1649 1217 esse

256 1224 537 1275 verisimilem,
568 1239 667 1267 eum
689 1240 790 1266 vera
821 1225 890 1266 sit.
952 1225 1061 1265 Sunt
1083 1226 1197 1266 enim
1221 1226 1407 1282 plurima
1429 1243 1527 1271 vera
1552 1233 1647 1287 qui-

256 1281 373 1330 dem,
406 1282 478 1322 sed
498 1297 652 1338 parum
674 1282 917 1333 eredibilia,
950 1283 1060 1322 sicut
1081 1282 1187 1324 falsa
1207 1298 1379 1339 quoque
1403 1286 1649 1342 frequenter

257 1337 517 1379 verisimilia.
579 1340 725 1384 Quare
749 1354 832 1380 non
852 1340 991 1380 minus
1008 1339 1292 1381 laborandum
1317 1351 1396 1390 est,
1428 1346 1647 1400 utjudex,

255 1410 354 1450 quae
373 1410 471 1436 vera
493 1396 691 1447 dicimus,
723 1412 851 1452 quam
875 1411 971 1451 quae
992 1396 1214 1452 fingimus,
1243 1399 1408 1440 eredat.

313 1452 424 1493 Sunt
456 1453 632 1507 quidem
667 1454 751 1503 hae,
784 1469 888 1509 quas
922 1469 1049 1509 supra
1080 1454 1224 1505 retuli,
1254 1457 1434 1497 virtutes
1468 1458 1647 1503 aliarum

255 1524 427 1564 quoque
447 1511 648 1565 partium.
712 1511 827 1552 Nam
847 1520 891 1551 et
907 1525 982 1566 per
1002 1519 1135 1552 totam
1158 1513 1377 1554 actionem
1392 1514 1566 1558 vitanda
1584 1528 1649 1560 est

254 1567 511 1616 obscuritas,
543 1576 586 1608 et
613 1567 768 1609 modus
799 1569 961 1622 ubique
995 1568 1322 1620 custodiendus,
1356 1583 1400 1612 et
1422 1574 1649 1617 credibilia

254 1638 347 1664 esse
369 1631 542 1679 oportet
563 1625 710 1665 onmia
731 1641 828 1680 quae
851 1625 1077 1667 dicuntur:
1109 1627 1300 1668 maxime
1318 1638 1463 1670 tamen
1485 1630 1580 1673 haec
1604 1633 1648 1675 iu

253 1696 306 1721 ea
324 1689 442 1736 parte
461 1682 746 1722 custodienda
767 1689 882 1731 sunt,
914 1697 1011 1737 quae
1041 1683 1179 1739 prima
1199 1684 1396 1739 judicem
1420 1687 1570 1740 docet;
1605 1691 1649 1732 in

254 1753 339 1793 qua
361 1738 392 1778 si
416 1738 641 1789 acciderit,
663 1747 711 1780 ut
727 1747 802 1780 aut
818 1753 904 1779 non
928 1739 1161 1795 intelligat,
1183 1749 1257 1782 aut
1277 1756 1363 1782 non
1386 1746 1647 1798 meminerit,

254 1803 329 1836 aut
351 1810 435 1836 non
459 1796 622 1846 eredat,
655 1796 813 1837 frustra
834 1797 878 1836 in
901 1796 1077 1851 reliquis
1098 1797 1405 1840 laborabimus.

314 1852 409 1893 Erit
424 1861 568 1894 autem
586 1863 736 1909 aperta
757 1854 946 1895 narratio
963 1861 1094 1909 atque
1116 1854 1324 1905 dilucida,
1357 1857 1389 1897 si
1409 1857 1539 1901 fuerit
1560 1863 1650 1917 pri-

254 1924 372 1951 mum
404 1910 602 1966 exposita
624 1912 764 1952 verbis
798 1911 982 1968 propriis
1014 1920 1057 1952 et
1092 1913 1453 1968 significantibus,
1486 1928 1529 1959 et
1561 1934 1648 1962 non

252 1967 440 2008 sordidis
458 1969 651 2023 quidem,
677 1983 760 2009 non
782 1978 924 2009 tamen
945 1969 1188 2024 exquisitis,
1209 1981 1253 2011 et
1275 1972 1328 2012 ab
1349 1987 1424 2013 usu
1450 1977 1646 2028 remotis;

254 2031 346 2065 tum
369 2025 575 2066 distincta
596 2027 747 2076 rebus,
772 2026 982 2082 personiS,
1015 2028 1298 2083 temporibus,
1330 2028 1450 2080 loeis,
1484 2035 1645 2085 causisg

254 2081 347 2137 ipsa
368 2083 498 2123 etiam
524 2084 878 2139 pronuntiatione
902 2084 942 2124 in
962 2083 1048 2125 hoe
1064 2087 1411 2138 accommodata,
1437 2090 1649 2145 utjudex,

254 2154 350 2194 quae
370 2140 590 2190 dicuntur,
621 2156 749 2196 quam
774 2140 980 2182 facillime
1003 2142 1205 2197 accipiat.

311 2197 422 2241 Quae
452 2198 627 2252 quidem
652 2199 785 2239 virtus
807 2198 1045 2254 negligitur
1066 2215 1090 2240 a
1119 2199 1327 2255 plurimis,
1360 2201 1451 2256 qui,
1483 2203 1535 2244 ad
1560 2205 1647 2246 elu-

253 2268 418 2295 morem
438 2255 658 2310 dispositae
679 2255 743 2296 vel
766 2257 896 2295 etiam
927 2257 1037 2296 forte
1060 2257 1331 2299 circumfusae
1356 2259 1647 2305 multitudinis

251 2312 500 2367 compositi,
532 2327 619 2352 non
660 2311 805 2353 ferunt
844 2313 951 2354 illud
994 2314 1248 2355 intentionis
1289 2315 1530 2369 silentiunm
1564 2336 1645 2363 nee

256 2369 336 2411 sibi
360 2369 506 2410 diserti
530 2370 746 2419 videnlur,
778 2370 856 2411 nisi
882 2370 1027 2411 omnia
1051 2371 1238 2413 tumultu
1262 2387 1313 2413 ac
1336 2374 1646 2419 vociferatione

254 2428 571 2468 concusserint:
617 2442 706 2468 rem
743 2428 951 2478 indicare,
995 2430 1204 2471 sermonis
1239 2431 1482 2484 quotidiani
1523 2444 1565 2474 et
1602 2435 1645 2476 in

255 2497 559 2539 quemcunque
581 2485 710 2525 etiam
733 2485 1025 2526 indoctiorum
1045 2486 1239 2527 cadentis
1257 2488 1529 2530 existimant:
1548 2506 1647 2534 eum

256 2539 444 2588 interim,
477 2542 592 2595 quod
619 2553 821 2597 tanquam
844 2543 973 2583 facile
1001 2551 1304 2594 contemnunt,
1338 2546 1500 2586 nescias
1535 2563 1645 2603 pree-‚-

257 2606 368 2637 stare
392 2600 530 2639 minus
549 2598 696 2649 velint,
715 2614 767 2639 an
791 2600 971 2655 possint.
1034 2600 1187 2656 Neque
1208 2602 1322 2642 enim
1347 2602 1463 2643 aliud
1490 2604 1529 2655 in
1554 2605 1644 2651 elo-,

256 2654 449 2708 quentia,
485 2664 642 2696 cuneta
675 2657 861 2713 experti,
904 2657 1121 2699 difficilius
1153 2659 1384 2714 reperient,
1417 2675 1544 2715 quam
1583 2664 1645 2715 id,

301 2798 350 2836 (l)
374 2798 471 2828 Rhet.
502 2798 532 2832 3,
551 2799 602 2828 16.
629 2800 758 2837 Nempe
779 2800 970 2830 Aristoteles
997 2810 1034 2830 το
1055 2810 1190 2844 μετξιως
1213 2802 1345 2842 przeeipi
1372 2805 1452 2834 satis
1479 2806 1641 2846 putabat.

256 2848 381 2888 quippe
398 2849 455 2889 qui
471 2857 508 2877 το
527 2837 561 2877 {v
580 2859 711 2890 semper
726 2860 769 2893 τῳ
788 2861 923 2895 μετξιως
940 2854 1043 2883 inesse
1062 2859 1220 2884 censeret.
1250 2854 1284 2883 O.
1629 2842 1641 2859 ⁴
