2015 3341
427 120 488 172 76
890 137 992 174 mn.
1018 137 1100 190 ιιι.1
1158 137 1269 168 οΑΡ.
1301 138 1358 167 11.

424 245 613 286 quorum
635 232 908 284 memoriam,
938 234 970 274 si
993 250 1079 291 quo
1101 235 1198 277 loco
1220 249 1286 276 res
1310 241 1473 290 poscet,
1490 250 1576 277 non
1597 237 1813 281 omittam.

428 287 708 345 Praecipuum
731 304 832 331 vero
864 290 1010 332 lumen
1044 292 1156 333 sicut
1187 292 1462 347 eloquentiae,
1493 293 1555 333 ita
1586 295 1814 350 praeceptis

424 358 601 400 quoque
623 346 714 402 ejus
736 347 860 388 dedit
880 347 1056 389 unicum
1074 348 1187 404 apud
1206 363 1284 389 nos
1305 349 1522 404 specimen
1545 351 1712 400 orandi,
1735 351 1815 390 do-

425 402 642 458 cendique
666 404 874 451 oratorias
908 413 1037 454 arteS,
1068 405 1137 447 M.
1158 405 1352 447 Tullius:
1382 415 1482 460 post
1511 420 1640 460 quem
1673 416 1815 448 tacere

426 458 797 504 modestissimum
819 459 947 511 foret,
980 461 1061 501 nisi
1081 471 1123 503 et
1140 461 1380 503 rhetoricos
1408 476 1507 502 suos
1536 464 1625 517 ipse
1647 462 1815 509 adoles,-

426 515 548 556 centi
582 516 663 556 sibi
699 516 869 573 elapsos
903 517 1084 570 diceret,
1125 525 1170 558 et
1201 519 1243 560 in
1275 518 1471 560 oratoriis
1504 518 1600 560 haec
1631 519 1816 570 minora,

425 585 522 626 quae
554 572 745 628 plerique
783 574 1047 624 desiderant,
1079 575 1216 616 sciens
1255 575 1483 618 omisisset.
1543 575 1724 630 Scripsit
1761 576 1817 618 de

427 628 581 670 eadem
605 631 787 671 materia
809 645 894 672 non
927 646 1067 687 pauca
1097 632 1373 682 Cornificius,
1404 632 1548 687 eliqua
1570 632 1816 682 Stertinius,

428 686 629 727 nonnihil
664 696 786 743 pater
818 688 991 731 Gallio:
1022 690 1262 730 accuratius
1291 703 1391 730 vero
1419 689 1583 744 priores
1615 688 1817 730 Gallione

431 741 583 785 Celsus
603 752 647 785 et
670 745 823 795 Lentis,
853 754 897 786 et
919 745 1059 786 aetatis
1076 755 1229 787 nostrae
1249 746 1485 802 Virginius,
1508 745 1693 796 Plinius,
1725 745 1818 787 Rus-

428 799 560 847 tilius.
622 801 734 844 Sunt
747 809 796 842 et
818 803 948 849 hodie
970 803 1076 844 clari
1098 803 1291 859 ejusdem
1314 803 1454 859 operis
1471 810 1696 855 auctores;
1726 803 1817 859 qui,

429 856 464 896 si
487 858 634 899 omnia
654 858 874 914 complexi
896 860 1054 911 forent,
1085 860 1404 904 consuluissent
1432 859 1570 901 labori
1593 874 1717 911 me03
1741 860 1818 902 sed

427 927 562 970 parco
597 917 844 957 nominibus
878 917 1143 959 viventium:
1175 917 1321 958 veniet
1356 931 1506 958 eorum
1541 916 1660 957 laudi
1693 932 1818 959 suum

429 979 624 1027 tempus:
655 972 709 1013 ad
746 983 940 1030 posteros
971 974 1087 1016 enim
1109 975 1245 1016 virtus
1266 974 1456 1024 durabit,
1484 988 1572 1016 non
1590 973 1817 1032 perveniet

429 1026 614 1078 invidia.

489 1084 591 1126 Non
613 1094 757 1136 tamen
781 1094 881 1141 post
912 1094 976 1129 tot
1001 1102 1054 1130 ac
1087 1094 1229 1129 tantos
1262 1093 1457 1129 auctores
1485 1086 1655 1144 pigebit
1675 1101 1818 1139 meam

427 1141 691 1196 quibusdam
724 1143 829 1184 Locis
860 1144 1055 1200 posuisse
1087 1145 1362 1192 sententiam.
1423 1144 1577 1199 Neque
1608 1144 1726 1186 enirn
1747 1159 1818 1192 me

428 1197 683 1254 cujusquam
716 1207 865 1249 sectae,
893 1201 1012 1241 velut
1043 1201 1230 1256 quadam
1270 1201 1574 1256 superstitione
1611 1200 1820 1252 imbutus,

429 1254 606 1306 addixi3
639 1263 683 1296 et
704 1256 906 1297 electuris
923 1272 1021 1313 quae
1042 1257 1191 1298 volent
1208 1257 1408 1298 facienda
1424 1258 1551 1314 copia
1571 1256 1674 1299 fuit:
1706 1257 1821 1300 sicut

430 1309 525 1366 ipse
557 1312 740 1369 plurium
776 1313 820 1353 in
847 1328 982 1355 unum
1016 1314 1196 1361 confero
1233 1314 1434 1364 inventa3
1468 1315 1715 1369 ubicunque
1751 1314 1818 1356 in,

429 1368 563 1422 genio
586 1384 672 1412 non
693 1370 774 1416 erit
795 1369 935 1424 locus,
956 1385 1070 1417 curae
1092 1370 1388 1421 testimonium
1409 1370 1696 1428 promeruisse
1713 1386 1819 1425 cous

430 1435 592 1466 tentus.
1301 1455 1304 1458 -

488 1481 550 1523 11.
583 1482 705 1525 NEC
727 1482 800 1525 diu
823 1499 902 1526 nos
922 1491 1114 1526 moretur
1130 1484 1323 1539 quaestio,
1351 1484 1453 1537 Quae
1469 1484 1689 1533 rhetorices
1703 1485 1820 1543 origo

427 1537 521 1580 sit?
552 1539 666 1581 Nam
687 1541 756 1581 cui
780 1541 963 1583 dubium
984 1551 1065 1593 est,
1098 1543 1200 1597 quin
1225 1556 1468 1584 sermonem
1489 1543 1544 1584 ab
1563 1543 1656 1599 ipsa
1680 1557 1820 1583 rerum,

428 1602 591 1637 natura
613 1597 750 1652 geniti
784 1599 980 1654 protinus
1013 1595 1212 1639 homines
1244 1599 1509 1654 acceperint,
1538 1599 1678 1654 (quod
1701 1607 1819 1641 certe

430 1653 696 1711 principium
714 1661 780 1695 est
796 1655 888 1712 ejus
906 1655 985 1707 rei)
1008 1655 1109 1695 huic
1130 1655 1321 1696 studium
1339 1664 1382 1696 et
1403 1657 1720 1698 incrementum
1742 1656 1819 1700 des

431 1710 546 1751 derit
569 1711 765 1761 utilitas5
798 1726 1011 1753 summam
1035 1712 1147 1752 ratio
1169 1719 1213 1753 et
1234 1713 1481 1763 exercitatio
1496 1712 1520 1753 ’.3
1558 1713 1651 1755 Nec
1672 1713 1820 1768 video,

429 1781 564 1822 ,quare
586 1782 732 1809 curam
754 1768 928 1816 dicendi
963 1776 1117 1824 putent
1148 1769 1323 1823 quidam
1346 1769 1447 1810 inde
1469 1771 1671 1825 coepisse,
1698 1771 1819 1825 quod

429 1823 479 1879 ii,
509 1824 582 1879 qui
604 1825 646 1866 in
669 1824 900 1870 discrimen
923 1825 1098 1880 aliquod
1123 1827 1406 1876 vocabantur,
1436 1827 1677 1868 accuratius
1698 1827 1819 1883 loqui

428 1880 697 1935 defendendi
730 1883 794 1923 sui
831 1882 971 1938 gratia
1004 1882 1285 1924 instituerint.
1347 1883 1460 1924 Haec
1494 1884 1627 1934 enim,
1658 1891 1706 1925 ut
1737 1883 1819 1925 ho-

430 1938 596 1979 nestior
618 1953 762 1989 causa,
794 1939 854 1980 ita
877 1954 962 1981 non
994 1939 1144 1995 utique
1177 1939 1293 1996 prior
1323 1948 1415 1992 est,;
1447 1955 1547 1981 cum
1580 1941 1819 1997 praesertim

430 1995 649 2050 accusatio
683 1996 905 2050 praecedat
938 1994 1243 2054 defensionem5
1275 1996 1356 2037 nisi
1397 1997 1494 2052 quis
1533 1998 1656 2046 dicit,
1686 1998 1819 2042 etiam

431 2051 628 2106 gladium
650 2052 908 2094 fabricatum
931 2054 984 2094 ab
1002 2067 1054 2094 eo
1076 2053 1191 2109 prius
1205 2053 1278 2109 qui
1296 2055 1454 2096 ferrum
1474 2054 1519 2096 in
1537 2055 1719 2097 tutelam
1736 2055 1818 2108 sui,

428 2123 560 2166 quam
584 2110 657 2164 qui
676 2109 717 2150 in
741 2110 976 2165 perniciem
993 2110 1168 2151 alterius
1188 2111 1463 2167 compararit.

490 2165 669 2219 Initium
684 2181 788 2222 ergo
803 2167 979 2208 dicendi
1001 2167 1123 2208 dedit
1145 2175 1320 2218 natura3
1342 2168 1512 2209 initium
1529 2168 1646 2217 artis,
1669 2169 1818 2217 obser,

430 2225 567 2273 vatio.
628 2223 843 2273 Homines
865 2225 997 2274 euim,
1028 2224 1139 2265 sicut
1167 2225 1211 2276 in
1233 2225 1465 2277 medicina,
1497 2240 1595 2267 cuin
1620 2224 1819 2279 viderent

430 2280 518 2320 alia
539 2278 741 2333 salubria,
769 2281 854 2321 alia
874 2280 1124 2335 insalubria,
1145 2295 1199 2323 ex
1222 2282 1523 2323 observatione
1544 2296 1694 2323 eorum
1711 2282 1818 2323 effe-

430 2335 586 2386 ,cerunt
607 2347 770 2390 artem3
804 2337 878 2388 ita,
910 2353 1009 2379 cum
1033 2339 1073 2379 in
1094 2338 1280 2387 dicendo
1303 2339 1388 2379 alia
1407 2339 1528 2379 utilia
1546 2339 1630 2379 alia
1647 2339 1819 2395 inutilia.

431 2392 826 2450 deprehenderent,
848 2402 1054 2437 notarunt
1066 2410 1117 2436 ea
1129 2395 1183 2436 ad
1206 2395 1462 2439 imitandum
1484 2396 1817 2451 vitandumque;

431 2460 478 2502 et
505 2451 705 2507 quaedam
738 2452 976 2503 secundum
1007 2453 1222 2494 rationem
1247 2467 1394 2494 eorum
1416 2453 1691 2508 adjecerunt:
1725 2454 1819 2511 ipsa

431 2523 608 2564 quoque
646 2508 743 2549 haec
781 2507 1037 2551 confirmata
1075 2518 1174 2550 sunt
1213 2524 1312 2555 usu:
1356 2515 1468 2560 tum,
1496 2512 1593 2565 q'uae
1635 2510 1816 2560 sciebat,

432 2566 615 2621 quisque
638 2565 802 2607 docuit.
863 2566 1017 2611 Cicero
1040 2566 1215 2623 quidem
1240 2566 1411 2621 initium
1441 2567 1591 2608 orandi
1615 2567 1818 2621 condito?

433 2618 552 2664 'ribus
581 2623 752 2664 urbium
784 2637 834 2664 ac
866 2622 1013 2678 legum
1035 2623 1246 2677 latoribus
1267 2623 1411 2665 dedit:
1444 2624 1488 2664 in
1508 2624 1664 2679 quibus
1686 2624 1818 2673 fuisse

432 2680 521 2720 vim
536 2679 710 2722 dicendi
727 2694 898 2721 necesse
912 2691 998 2731 est3
1021 2695 1096 2721 cur
1111 2692 1253 2730 tamen
1276 2680 1388 2722 hanc
1405 2682 1586 2736 primam
1602 2681 1816 2736 originem

433 2747 574 2792 putet,
606 2752 689 2778 non
714 2737 864 2788 videm,
892 2753 990 2779 cum
1014 2737 1100 2779 sint
1129 2735 1271 2778 adhuc
1297 2739 1497 2793 quasdam
1518 2752 1640 2793 vagae
1661 2747 1703 2779 et
1725 2739 1816 2781 sine

431 2794 612 2841 urbibus
639 2809 690 2839 ac
711 2794 803 2839 sine
835 2795 1008 2853 legibus
1036 2803 1204 2853 gentes,
1234 2802 1279 2838 et
1307 2804 1451 2855 temen
1470 2795 1544 2854 qui
1564 2803 1663 2847 sunt
1683 2795 1728 2852 in
1749 2795 1815 2850 liis
