2015 3341
587 84 649 120 1)ss
683 83 1031 122 Pmtosopuim
1419 88 1503 127 355

113 179 414 243 temperantia,
447 185 625 241 pietate,
657 201 742 228 non
765 186 952 242 plurima
972 187 1090 231 dicet
1110 189 1279 230 orator?
1321 187 1406 231 Sed
1425 188 1502 230 ille

111 243 174 284 vir
199 247 350 293 bonus,
381 245 453 299 qui
478 243 587 294 haec,
609 258 696 284 non
721 245 900 285 vocibus
932 252 1096 286 tantum
1130 246 1211 286 sibi
1245 254 1348 287 nota
1371 254 1500 300 atque

111 301 376 350 nominibus,
403 300 569 341 aurium
594 310 718 341 tenus
752 300 793 340 in
814 315 934 341 usum
956 301 1116 357 linguae
1138 303 1394 357 perceperit,
1425 302 1501 342 sed

110 358 201 411 qui,
226 358 403 398 virtutes
437 358 547 412 ipsas
567 364 713 396 mente
749 357 1019 412 complexus,
1049 359 1107 398 ita
1141 358 1319 409 sentiet3
1352 358 1499 400 necin

110 414 348 468 cogitando
366 415 425 454 ita
444 413 672 462 laborabit,
696 414 787 462 sed,
810 414 925 468 quod
950 415 1072 463 sciet,
1097 429 1195 455 vere
1218 415 1349 456 dicet.
1384 415 1498 456 Cum

111 470 168 510 sit
185 479 327 511 autem
348 471 488 510 omnis
510 469 723 524 generalis
740 471 923 524 quaestio
944 470 1119 526 speciali
1145 473 1378 527 potentior,
1400 472 1504 527 quia

110 526 314 567 universo
342 541 439 582 pars
471 526 737 575 continetur,
768 540 852 566 non
878 527 1025 581 utique
1042 529 1214 568 accedit
1241 529 1351 584 parti
1380 528 1497 583 quod

110 583 356 623 universum
375 591 465 634 est;
498 582 696 636 profecto
720 596 849 623 nemo
871 583 1105 634 dubitabit,
1123 585 1346 640 generales
1367 600 1500 641 quaes-

106 639 247 680 tiones
268 640 312 679 in
331 639 407 679 illo
425 638 614 680 maxime
635 639 873 680 studiorum
894 655 1012 681 more
1027 651 1229 682 versatas.
1258 642 1358 683 Jain
1373 657 1492 692 ver0,

103 710 202 736 cum
226 697 312 737 sint
335 696 471 736 multa
503 695 686 750 propriis
724 696 1009 751 brevibusque
1032 698 1498 752 comprehensionibus

105 752 311 803 finienda,
343 753 458 792 unde
495 752 625 792 etiam
665 760 798 792 status
833 767 1057 794 causarum
1094 754 1254 795 dicitur
1273 755 1494 809 finitivus,

102 823 248 850 nonne
267 810 320 850 ad
351 809 393 848 id
417 822 589 864 quoque
611 807 760 849 instrui
785 808 839 849 ab
861 810 927 858 iis,
959 810 1032 864 qui
1069 810 1162 865 plus
1183 811 1227 851 in
1256 811 1339 853 hoc
1360 813 1492 853 studii

102 865 331 916 dederunt,
362 866 557 920 oportet?
608 864 753 911 Quid?
786 879 872 906 non
896 866 1204 921 quaestiojuris
1226 869 1383 918 omnis,
1415 876 1494 909 aut

101 923 329 964 verborum
352 922 630 977 proprietate,
660 929 735 962 aut
756 922 868 977 aequi
898 922 1208 978 disputatione,-
1239 932 1316 965 aut
1338 924 1494 966 volun-

103 978 203 1020 tatis
224 979 472 1034 conjectura
498 978 774 1020 continetur?
806 993 989 1033 quorum
1022 994 1118 1035 pars
1140 980 1194 1021 ad
1218 981 1488 1034 rationalem,

101 1049 198 1090 pars
222 1036 276 1076 ed
308 1034 512 1076 moralem
540 1042 770 1076 tractatum
805 1035 1039 1078 redundat:
1072 1051 1178 1091 ergo
1209 1046 1363 1079 natura
1393 1053 1492 1094 per-

100 1093 229 1132 mista
268 1101 334 1133 est
366 1093 566 1133 omnibus
601 1091 692 1133 istis
725 1093 880 1143 oratio,
911 1108 1008 1148 quae
1040 1094 1217 1148 quidem
1252 1096 1390 1136 oratio
1425 1105 1491 1138 est

99 1163 215 1190 vere.
280 1149 394 1190 Nam
423 1149 574 1204 ignara
596 1148 772 1204 quidem
807 1148 984 1205 hujusce
1007 1150 1219 1192 doctrinae
1249 1151 1489 1207 loquacitas

103 1214 217 1246 erret
238 1220 412 1247 necesse
433 1213 514 1257 est,
545 1214 593 1246 ut
612 1220 708 1262 quae
739 1205 807 1246 vel
833 1206 975 1248 nullos
997 1207 1066 1248 vel
1094 1207 1227 1250 falsos
1259 1209 1390 1251 duces
1413 1209 1488 1250 ha-

103 1264 217 1304 beat.

157 1320 261 1360 Pars
282 1333 382 1360 vero
403 1318 631 1370 naturalis,
663 1334 758 1360 cum
776 1325 842 1361 est
861 1320 913 1361 ad
933 1321 1291 1363 exercitationem
1311 1322 1487 1365 dicendi

101 1383 223 1417 tanto
256 1377 424 1418 caeteris
456 1377 643 1427 uberior,
675 1384 837 1431 quanto
860 1378 1023 1433 majore
1055 1379 1208 1434 spiritu
1242 1381 1296 1421 de
1328 1381 1486 1422 divinis

98 1434 226 1475 rebus
259 1448 388 1489 quam
421 1433 620 1474 humanis
656 1432 922 1488 loquendum
952 1445 1032 1484 est,
1065 1444 1158 1477 tum
1190 1436 1308 1478 illam
1351 1438 1485 1479 etiam

97 1490 316 1540 moralem,
349 1490 439 1531 sine
456 1505 540 1545 qua
561 1489 678 1530 nulla
694 1504 785 1530 esse
807 1493 869 1544 (ut
887 1491 1129 1543 docuimus)
1159 1495 1296 1534 oratio
1324 1502 1484 1549 potest,

97 1555 234 1588 totam
257 1546 573 1602 complectitur.
609 1547 722 1587 Nam
745 1547 780 1587 si
803 1548 966 1602 regitur
983 1549 1259 1604 providentia
1280 1551 1485 1602 mundus,

96 1602 435 1646 administranda
457 1612 574 1644 certe
597 1604 721 1644 bonis
737 1604 837 1644 viris
859 1605 941 1645 erit
957 1606 1214 1661 respublica.
1275 1608 1318 1648 Si
1339 1609 1486 1649 divina

96 1662 253 1702 nostris
274 1661 428 1702 animis
449 1661 589 1717 origo,
623 1660 888 1702 tendendum
909 1662 962 1702 ad
983 1662 1202 1714 virtutem,
1234 1679 1315 1706 nec
1333 1665 1484 1720 volup-

94 1719 256 1759 tatibus
290 1718 446 1758 terreni
477 1718 669 1772 corporis
703 1718 992 1759 serviendum.
1050 1719 1120 1760 An
1150 1720 1244 1762 haec
1280 1737 1367 1763 non
1398 1723 1483 1763 fre-

93 1777 275 1830 quenter
298 1775 500 1816 tractabit
519 1777 687 1816 orator?
718 1774 817 1816 Jam
841 1775 895 1816 de
917 1777 1125 1831 auguriiS,
1156 1780 1383 1834 responsis,
1415 1793 1483 1819 re-

96 1831 259 1888 ligione
276 1831 462 1886 denique
491 1831 626 1882 omni,
659 1831 712 1872 de
735 1832 890 1887 quibus
909 1835 1100 1874 maxima
1121 1849 1236 1890 saepe
1255 1835 1297 1876 in
1330 1846 1481 1877 senatu

92 1888 273 1930 consilia
288 1896 458 1930 versata
477 1896 591 1939 sunt,
626 1903 710 1929 non
734 1889 816 1930 erit
833 1889 869 1929 ei
895 1889 1208 1941 disserendum,
1238 1892 1271 1933 si
1288 1893 1483 1947 quidem,

93 1954 142 1986 ut
165 1947 289 1987 nobis
307 1946 467 2002 placet,
485 1944 651 1987 futurus
668 1955 733 1986 est
750 1946 814 1987 vir
830 1946 943 1987 idem
969 1947 1131 1989 civilis?
1163 1948 1272 1994 Quae
1292 1949 1481 2005 denique

92 2002 282 2058 intelligi
316 2002 468 2043 saltem
502 2010 644 2057 potest
674 2002 927 2058 eloquentia
948 2003 1136 2046 hominis
1155 2006 1321 2062 optima
1342 2008 1482 2048 nesci-³

91 2061 219 2101 entis.
281 2059 392 2101 Haec
413 2059 443 2100 si
466 2060 631 2100 ratione
653 2060 882 2100 manifesta
897 2075 982 2101 non
1006 2070 1164 2112 essent,
1183 2063 1392 2119 exemplis
1412 2072 1478 2105 ta-

91 2131 190 2158 men
214 2118 500 2158 crederemus.
560 2116 782 2172 Siquidem
802 2126 847 2158 et
869 2117 1097 2168 Periclem,
1127 2120 1250 2175 cujus
1275 2119 1480 2176 eloquen-

90 2173 159 2215 iiae
177 2174 305 2214 etiam
324 2174 357 2215 si
380 2173 500 2214 nulla
512 2172 565 2213 ad
589 2188 665 2214 uos
689 2183 966 2215 monumenta
982 2188 1204 2226 venerunt,
1222 2176 1308 2218 vim
1335 2186 1480 2220 tamen

91 2231 306 2286 quandam
340 2230 639 2271 incredibilem
663 2245 761 2272 cum
785 2230 997 2281 historici,
1031 2242 1119 2273 tum
1143 2234 1274 2274 etiarn
1308 2234 1478 2276 liberri-

91 2302 210 2330 mum
233 2301 368 2343 genus
392 2287 613 2328 homiuum
635 2288 793 2328 comici
817 2289 1189 2340 veterestradunt,
1207 2290 1478 2347 Anaxagorae

90 2345 259 2402 physici
280 2351 450 2385 constat
469 2344 710 2385 auditorem
731 2344 884 2386 fuisse:
917 2353 961 2386 et
983 2345 1342 2398 Demosthenem,
1358 2350 1478 2404 prin-

91 2403 234 2457 cipem
252 2401 445 2442 omnium
459 2400 644 2442 Graeciae
662 2408 893 2453 oratorum,
910 2401 1080 2445 dedisse
1097 2418 1271 2460 operam
1290 2404 1477 2447 Platoni.

92 2458 206 2500 Nam
232 2457 298 2498 M.
317 2456 484 2498 Tullius
504 2472 595 2498 non
613 2465 781 2499 tantum
811 2473 856 2499 se
877 2459 1035 2500 debere
1058 2460 1215 2502 scholis
1236 2461 1474 2514 rhetorum,

92 2525 300 2571 quantum
323 2513 571 2555 Academiae
594 2515 759 2570 spatiis,
789 2514 1038 2571 frequenter
1062 2517 1153 2572 ipse
1176 2526 1356 2560 testatus
1385 2527 1474 2562 est:

90 2587 232 2627 neque
261 2578 380 2612 tanta
409 2571 452 2611 in
484 2585 536 2611 eo
564 2582 752 2626 unquam
786 2571 936 2613 fuisset
969 2574 1158 2625 ubertas,
1189 2575 1222 2615 si
1252 2575 1478 2630 ingenium

92 2643 215 2670 suum
238 2637 446 2683 consepto
470 2627 568 2679 fori,
597 2642 684 2669 non
708 2628 840 2684 ipsius
861 2643 1002 2671 rerum
1023 2639 1188 2672 naturae
1210 2630 1367 2672 finibus
1391 2639 1476 2674 ter-

90 2686 312 2727 minasset.

150 2741 311 2784 Verum
332 2755 386 2783 ex
413 2740 499 2783 hoe
519 2740 601 2782 alia
627 2739 736 2782 mihi
758 2742 944 2796 quaestio
974 2743 1183 2794 exoritur,
1227 2743 1338 2789 Quae
1362 2751 1483 2788 secta.

709 2811 739 2841 A
770 2812 795 2840 a
824 2805 851 2840 2
