2015 3341
608 143 669 173 nn
705 141 1045 173 NAnnArioNn.
1439 133 1518 171 113

185 229 331 286 Atque
373 243 456 286 ego
494 228 679 272 libenter
710 231 993 288 interrogem,
1027 229 1168 271 sintne
1201 227 1273 271 illa
1304 226 1523 270 defensuri

129 301 226 340 quac
249 302 335 327 non
359 288 639 338 narraverint,
671 289 837 329 necne?
868 288 998 338 Nam,
1021 287 1054 327 si
1071 301 1212 343 neque
1230 285 1521 335 defenderint,

127 355 268 398 neque
290 345 570 394 narraverint,
603 354 695 386 tota
716 359 842 385 causa
865 344 1086 400 prodetur.
1143 345 1219 396 At,
1251 344 1284 384 si
1302 341 1522 383 defensuri

127 407 243 449 sunt,
275 415 517 456 proponere
543 409 659 443 certe
692 400 944 457 plerumque
979 401 1040 451 id,
1073 401 1188 456 quod
1223 397 1521 441 confirmaturi

125 469 289 507 sumus,
321 466 509 512 oportet.
571 457 659 498 Cur
675 472 779 512 ergo
802 471 887 498 non
911 472 1179 513 exponamus
1207 457 1325 512 quod
1345 462 1391 496 et
1412 452 1521 496 dilui

126 516 300 567 potest?
334 514 396 555 Ut
419 514 500 555 boc
533 515 777 569 contingat,
808 515 958 569 utique
989 514 1269 555 indicandum
1293 520 1369 553 est.
1428 512 1522 552 Aut

126 570 231 623 quid
252 571 362 611 inter
378 571 678 626 probationem
699 578 742 610 et
761 571 1052 611 narrationem
1072 572 1266 621 interest,
1297 569 1378 610 nisi
1401 567 1521 624 quod

128 627 316 668 narratio
337 638 402 668 est
436 627 708 683 probationis
732 627 940 667 continua
970 627 1225 682 propositio,
1255 640 1397 668 rursus
1418 639 1520 681 pro-

128 682 248 723 batio
271 683 503 724 narrationi
529 696 773 738 congruens
796 683 1099 725 confirmatio?

184 739 418 781 Videamus
457 753 579 794 ergo,
612 754 715 779 num
747 740 965 793 expositio
1002 739 1097 780 haec
1132 738 1306 795 longior
1340 738 1518 780 demum

123 809 216 836 esse
237 796 411 846 debeat,
442 804 487 836 et
507 795 635 851 paulo
657 795 880 835 verbosior
902 796 1234 851 praeparatione,
1265 803 1310 837 et
1336 795 1516 850 quibus-

125 852 225 892 dam
247 853 536 907 argumentis:
570 851 830 908 argumentis
853 851 970 902 dico,
1001 866 1088 893 non
1121 852 1514 908 argumentatione.-

123 908 193 949 cui
211 915 352 950 tamen
368 908 602 964 plurimum
623 907 795 949 confert
812 907 1013 964 frequens
1033 908 1285 950 affirmatio:
1320 907 1516 950 Effectu-

122 979 190 1006 ros
212 979 289 1006 nos
306 965 422 1020 quod
446 965 653 1015 dicimu33
677 979 765 1006 non
784 979 908 1020 posse
923 966 1009 1007 vim
1028 980 1169 1007 rerum
1186 965 1356 1006 ostendi
1376 965 1518 1020 prima

121 1022 422 1078 expositione3
455 1030 705 1077 expectent,
738 1031 781 1062 et
817 1023 1045 1078 opiniones
1085 1037 1181 1063 suas
1218 1022 1437 1072 differant,
1469 1029 1516 1063 et

122 1077 230 1119 bene
250 1086 437 1135 sperent.
499 1078 721 1134 Denique,
742 1079 1003 1120 narrandum
1026 1087 1092 1120 est
1112 1079 1277 1135 utique,
1297 1078 1515 1135 quidquid

121 1135 261 1186 aliter,
292 1151 421 1191 quam
444 1135 710 1177 adversarius
732 1136 951 1192 exposuit,
985 1137 1143 1178 narrari
1166 1144 1332 1192 potest3
1364 1144 1438 1176 aut
1459 1150 1513 1176 eo

120 1192 251 1233 etiam
273 1193 487 1248 prooemia
515 1200 615 1234 sunt·
646 1192 690 1232 in
722 1192 789 1233 his
811 1193 949 1233 causis
971 1208 1256 1250 supervacua:
1288 1208 1386 1248 quae
1408 1192 1515 1248 quid

119 1250 256 1304 magis
270 1258 420 1306 agunt,
441 1263 570 1304 quam
589 1258 637 1291 ut
649 1249 893 1304 cognitioni
915 1264 1054 1292 rerum
1072 1250 1516 1291 accommodatiorem

112 1306 310 1361 judicem
344 1307 534 1348 faciant?
593 1306 729 1361 Atqui
763 1314 950 1358 constat,
981 1322 1191 1362 nusquam
1228 1321 1379 1348 eorum
1418 1320 1513 1347 esse

120 1364 329 1419 majorem
352 1378 490 1412 usum,
513 1377 643 1418 quam
665 1362 737 1403 ubi
756 1363 924 1405 animus
938 1363 1101 1420 judicis
1118 1364 1172 1405 ab
1193 1363 1336 1420 aliqua
1357 1372 1512 1405 contra

119 1434 197 1460 nos
220 1421 348 1461 insita
369 1420 576 1476 opinione
597 1420 837 1461 flectendus
856 1429 935 1462 est.

179 1476 490 1533 Conjectzcrales
506 1486 652 1517 autem
673 1491 825 1527 causae,
848 1477 890 1517 in
909 1478 1065 1533 quibus
1083 1476 1268 1534 defucto
1285 1476 1509 1533 quaeritur,

119 1547 207 1574 non
231 1543 319 1575 tam
343 1548 458 1590 saepe
485 1534 545 1574 rei
568 1533 621 1574 de
643 1533 960 1588 quajudicium
979 1544 1058 1585 est,
1088 1550 1217 1590 quam
1247 1549 1397 1575 eorum
1430 1548 1510 1590 per

118 1605 216 1645 quae
234 1605 301 1631 res
322 1590 573 1647 colligenda
594 1599 674 1640 est,
707 1591 1024 1646 expositionem
1050 1593 1237 1633 habent:
1270 1606 1384 1647 quae,
1404 1605 1508 1632 cum

115 1655 341 1688 accusator
361 1647 597 1703 suspiciose
625 1655 783 1697 narret,
816 1661 911 1688 reus
942 1648 1082 1690 levare
1107 1649 1396 1704 suspicionem
1427 1648 1505 1688 de-

115 1703 235 1755 beat,
265 1704 388 1745 aliter
427 1704 482 1745 ab
518 1703 603 1744 hoc
641 1710 770 1759 atque
802 1705 856 1745 ab
890 1703 968 1746 illo
1001 1705 1055 1746 ad
1085 1705 1286 1763 judicem
1325 1703 1505 1763 perferri

115 1769 305 1818 oportet.

169 1819 234 1859 At
254 1818 361 1860 enim
384 1817 572 1875 quaedam
594 1825 843 1875 argu-menta
866 1817 993 1861 turba
1015 1817 1184 1869 valent3
1216 1818 1409 1869 diducta,
1443 1817 1504 1860 Ze-

113 1875 237 1917 viora
274 1881 381 1917 sunt.
445 1874 495 1916 Id
526 1876 703 1931 quidem
738 1891 825 1917 non
859 1891 912 1917 eo
945 1877 1150 1932 pertinet,
1191 1885 1240 1917 ut
1266 1884 1503 1931 quaeratur,

112 1933 186 1974 An
204 1932 467 1974 narrandum
483 1932 505 1973 5⁰²
536 1932 628 1984 sed,
662 1932 758 1978 Quo
779 1933 900 1974 modo
921 1932 1183 1974 narrandum
1203 1933 1291 1975 sit?
1323 1933 1437 1974 Nam
1459 1940 1506 1973 et

111 2004 349 2046 congerere
370 1989 494 2046 plura
520 1990 794 2046 expositione
812 1991 915 2046 quid
939 1990 1157 2046 prohibet,
1190 1991 1224 2030 si
1246 1989 1289 2031 id
1312 1991 1419 2032 utile
1437 1997 1504 2031 est

112 2061 270 2098 causae,
302 2056 346 2088 et
377 2046 659 2103 promittere?
691 2047 764 2087 sed
808 2055 852 2088 et
886 2047 1080 2089 dividere
1116 2047 1424 2097 narrationem,
1455 2053 1502 2088 et

109 2105 415 2160 probationem
447 2104 709 2161 subjungere
743 2105 954 2161 partibus,
984 2112 1114 2161 atque
1146 2104 1207 2145 ita
1234 2105 1415 2147 transire
1443 2103 1501 2147 ad

112 2162 338 2216 sequentia
354 2162 369 2203 ἓ

167 2217 282 2260 Nam
318 2232 374 2259 ne
413 2216 466 2259 iis
500 2216 677 2273 quidem
717 2218 897 2269 accedo,
939 2218 1012 2274 qui
1051 2227 1222 2275 semper
1253 2229 1306 2260 eo
1341 2225 1499 2275 putant

110 2274 278 2326 ordine,
309 2289 396 2331 quo
431 2274 533 2329 quid
577 2284 722 2316 actum
764 2276 834 2326 sit,
866 2289 959 2317 esse
990 2275 1275 2327 narrandum3
1312 2273 1412 2326 sed,
1443 2290 1497 2316 eo

108 2331 243 2373 modo
278 2347 365 2387 quo
401 2331 594 2387 expedit.
655 2332 785 2377 Quod
822 2333 914 2374 fieri
951 2332 1146 2389 pluribus
1185 2332 1334 2389 figuris
1375 2332 1497 2375 licet.

109 2387 224 2429 Nam
244 2396 289 2429 et
304 2388 534 2445 aliquando
554 2389 767 2431 excidisse
784 2389 1052 2441 simulamus,
1083 2401 1182 2432 cum
1202 2390 1304 2446 quid
1322 2389 1497 2432 utiliore

107 2442 208 2485 loco
226 2445 488 2487 reducimus:
520 2453 565 2486 et
585 2446 758 2487 interim
778 2461 857 2487 nos
875 2447 1127 2490 reducturos
1148 2446 1359 2503 reliquum
1380 2447 1498 2489 ordi·-

106 2514 211 2542 nem
228 2510 450 2551 testamur,
472 2503 574 2557 quia
591 2504 653 2544 si'c
676 2502 820 2544 futura
836 2504 892 2546 sit
911 2519 1041 2547 causa
1062 2503 1264 2546 lucidior.
1297 2504 1497 2554 interim,

109 2572 155 2599 re
174 2558 384 2613 exposita,
415 2559 713 2614 subjungimus
732 2574 880 2602 causas
902 2576 999 2617 quae
1021 2569 1359 2603 antecesserunt,
1401 2560 1498 2603 Nec

112 2615 229 2655 enim
261 2622 327 2655 est
356 2628 443 2655 una
472 2615 542 2656 lex
576 2616 857 2669 defensionis,
888 2625 1141 2674 certumque
1171 2619 1500 2674 praescriptum:

112 2684 190 2726 pro
215 2685 273 2721 re,
295 2685 372 2727 pro
394 2677 593 2727 tempore,
614 2673 823 2715 intuenda
842 2689 940 2730 quae
962 2676 1150 2731 prosint3
1182 2684 1327 2729 atque,
1350 2681 1398 2716 ut
1417 2674 1502 2716 erit

110 2727 281 2781 vulnus,
314 2728 374 2768 ita
394 2727 460 2768 vel
482 2730 721 2771 curandum
750 2733 964 2786 protinus,
995 2731 1079 2785 vel,
1110 2731 1144 2773 si
1167 2731 1332 2774 curatio
1357 2730 1500 2774 differi

115 2792 275 2841 potest,
307 2784 480 2827 interim
503 2783 797 2844 deligandum.

804 2856 818 2884 1
