2015 3341
556 134 622 167 m:
655 132 1124 168 x’noNUNTmz-:otze
1482 121 1534 164 32

156 226 189 274 t,
221 238 306 264 non
326 220 568 275 valuerunt,
590 226 632 266 in
652 240 682 281 g
704 240 753 266 ac
775 224 805 265 d
825 223 1087 265 molliuntur.
1150 224 1218 264 Ne
1244 221 1338 263 illas
1360 220 1540 277 quidam

155 283 271 321 circa
297 284 359 334 (Ι)
379 296 396 320 s
419 281 585 322 literam
610 283 788 322 delicias
818 281 888 322 hic
913 281 1116 335 magister
1139 279 1273 320 feret:
1307 293 1387 320 nec
1410 279 1544 318 verba

157 338 200 378 in
224 338 419 378 t‘aucibus
441 339 627 393 patietur
658 338 813 387 audiri,
847 353 926 378 nec
956 339 1040 377 oris
1075 338 1283 377 inanitate
1316 348 1542 376 resonare:

156 408 251 445 nee,
285 394 402 449 quod
441 395 618 435 minime
655 395 840 436 sermoni
878 409 986 450 puro
1019 394 1266 443 conveniat,
1302 392 1542 448 simplicem

157 451 276 491 vocis
299 461 498 491 naturam
523 451 718 507 pleniore
739 451 929 506 quodam
952 464 1058 490 sono
1084 451 1395 499 circumlinire,
1425 447 1543 504 quod

156 508 304 547 Graeci
334 513 660 557 καταπεπλασμένον
690 509 857 548 dicunt.
920 508 990 547 Sic
1013 506 1255 562 appellatur
1272 514 1422 547 cantus
1443 505 1544 544 tibi-

157 579 294 614 arum,
312 581 427 620 quae,
442 566 659 621 praeelusis
675 566 829 620 quibus
847 563 1087 604 clarescunt
1106 563 1406 614 foraminibus,
1423 569 1544 603 recto

157 623 291 661 modo
312 622 431 662 exitu
457 623 697 677 graviorem
723 621 917 676 spiritum
941 620 1144 660 reddunt.

217 678 399 718 Curabit
419 682 567 727 etiam,
598 693 651 719 ne
673 687 879 718 extrema*
903 676 1080 731 syllabae
1104 675 1382 726 intercidam,
1404 685 1451 717 ut
1469 688 1545 730 par
1596 695 1599 697 >

158 733 238 774 sibi
261 749 400 775 sermo
423 736 502 775 sit:
538 742 584 774 ut
603 735 771 788 quoties
793 732 1125 773 exclamandum
1146 734 1242 782 erit,
1269 733 1448 773 laterum
1468 748 1545 772 co-

157 797 283 830 natus
306 792 361 831 sit
383 790 471 840 ille,
494 805 580 831 non
603 791 782 846 capitis:
815 799 862 829 ut
884 799 1029 844 gestus
1050 789 1102 828 ad
1122 804 1290 839 vocem,
1323 789 1465 829 vultus
1489 788 1544 828 ad

158 854 329 901 gestum
369 847 740 887 accommodetur.
815 845 1145 887 Observandum
1182 845 1265 885 erit
1304 847 1452 894 etiam,
1497 852 1546 885 ut

157 910 277 944 recta
301 903 356 944 sit
387 904 519 944 facies
541 904 743 953 dicentis,
774 917 829 943 ne
851 903 969 943 labra
990 902 1355 956 distorqueamur,
1386 917 1439 942 ne
1463 902 1545 942 im-

156 960 356 1001 modicus
390 960 531 1001 hiatus
565 962 720 1001 rictum
753 959 989 1008 distendat,
1022 973 1075 999 ne
1101 960 1277 1014 supinus
1301 959 1459 1009 vultus,
1492 973 1545 999 ne

159 1017 318 1072 dejecti
356 1017 398 1057 in
437 1025 594 1058 terram
629 1016 762 1066 oculi,
796 1031 850 1056 ne
887 1015 1095 1056 inclinata
1131 1016 1340 1056 utrolibet
1379 1017 1543 1057 cervix.

158 1073 272 1115 Nam
295 1073 413 1114 frons
433 1075 627 1130 pluribus
650 1074 881 1129 generibus
904 1082 1073 1128 peccat.
1135 1072 1234 1113 Vidi
1261 1073 1420 1114 multos
1440 1088 1547 1128 quo-

157 1144 252 1171 rum
290 1132 518 1186 supercilia
553 1131 607 1172 ad
644 1130 838 1186 singulos
872 1130 989 1170 vocis
1025 1136 1205 1170 conatus
1242 1129 1545 1180 allevarentur,

160 1186 342 1228 aliorum
365 1189 616 1238 constricta,
646 1188 829 1229 aliorum
850 1187 981 1227 etiam
999 1185 1270 1236 dissidentia,
1293 1202 1391 1227 eum
1410 1187 1545 1228 altero

158 1245 205 1285 in
227 1245 433 1286 verticem
457 1245 700 1294 tenderent,
732 1244 869 1286 altero
902 1257 1012 1298 pene
1042 1243 1190 1283 oculus
1213 1244 1303 1298 ipse
1328 1258 1546 1300 premere-

159 1310 238 1341 tur.
304 1301 527 1342 Infinitum
550 1310 712 1352 autem,
744 1309 791 1342 ut
824 1314 927 1340 mox
964 1301 1174 1349 dicemus,
1208 1301 1247 1340 in
1280 1301 1345 1340 his
1373 1316 1545 1356 quoque

160 1358 286 1399 rebus
308 1367 575 1400 momentum
600 1367 679 1400 est.
742 1358 798 1399 Et
820 1357 928 1398 nihil
950 1366 1094 1413 potest
1114 1357 1301 1413 placere,
1323 1358 1439 1414 quod
1459 1373 1546 1400 non

160 1414 303 1456 decet.

219 1471 367 1514 Debet
398 1472 527 1513 etiam
563 1471 721 1513 docere
750 1470 993 1521 comoedus,
1025 1469 1246 1525 quomodo
1269 1471 1547 1523 narrandum,

159 1542 245 1584 qua
267 1529 321 1570 sit
349 1529 606 1570 auctoritate
629 1528 914 1576 suadendum,
945 1543 1030 1582 qua
1051 1528 1347 1569 concitatione
1370 1544 1548 1570 consur-

160 1596 235 1640 gat
253 1586 328 1636 ira,
350 1586 422 1641 qui
439 1587 576 1627 flexus
595 1585 749 1626 deceat
763 1584 1101 1625 miserationem.
1155 1586 1285 1631 Quod
1304 1587 1363 1626 ita
1379 1586 1546 1642 optime

159 1642 307 1692 faciet,
341 1644 372 1683 si
409 1651 550 1684 certos
585 1656 640 1683 ex
669 1641 899 1684 comoediis
931 1641 1111 1696 elegerit
1143 1640 1280 1692 locos,
1311 1643 1429 1684 etad
1459 1643 1545 1685 hoe

158 1700 348 1740 maxime
371 1699 567 1749 idoneos,
591 1699 632 1739 id
652 1706 716 1739 est
733 1697 977 1739 actionibus
999 1697 1177 1738 similes.
1240 1698 1378 1740 Iidem
1400 1708 1546 1741 autem

159 1769 246 1796 non
270 1757 322 1797 ad
359 1755 726 1812 pronuntiandum
765 1754 898 1795 niodo
933 1755 1167 1804 utilissimi,
1200 1770 1345 1796 verum
1379 1757 1432 1797 ad
1469 1773 1545 1798 au-

159 1813 348 1867 gendam
365 1828 536 1868 quoque
552 1812 841 1867 eloquentiam
863 1813 1050 1852 maxime
1067 1813 1389 1853 accommodati
1405 1824 1546 1856 erunt.

149 1870 218 1912 ,Et
241 1870 350 1920 haec,
373 1871 475 1911 dum
495 1870 663 1911 infirma
681 1879 784 1910 aetas
805 1869 966 1924 majora
987 1884 1073 1909 non
1096 1870 1255 1924 capiet.
1309 1870 1545 1922 Caeterum,

160 1941 261 1968 cum
297 1927 441 1983 legere
463 1928 679 1968 crationes
701 1927 936 1982 oportebit,
968 1941 1068 1967 cum
1090 1926 1270 1967 virtutes
1291 1941 1435 1967 carum
1451 1929 1545 1984 jam

160 1984 336 2034 sentiet,
368 1993 457 2025 tum
479 1985 583 2025 mihi
608 1983 795 2039 diligens
817 1983 973 2038 aliquis
995 1998 1044 2024 ae
1062 1983 1226 2038 peritus
1244 1985 1439 2025 assistat:
1475 2001 1548 2026 ne-

161 2056 246 2096 que
269 2041 405 2082 solum
428 2042 613 2082 lectione
642 2041 816 2090 formet,
848 2055 993 2080 verum
1023 2041 1152 2081 etiam
1187 2041 1379 2082 ediscere
1407 2042 1547 2084 electa

148 2112 215 2139 -ex
237 2098 302 2139 his
325 2106 472 2154 cogat,
503 2107 546 2139 et
570 2113 620 2139 ea
641 2096 785 2138 dicere
817 2104 1001 2138 stantem
1023 2097 1154 2146 clare,
1187 2109 1230 2138 et
1263 2100 1547 2152 quemadmo-

161 2154 266 2196 dum
287 2170 415 2211 agere
439 2155 675 2211 oportebit,
706 2162 754 2195 ut
787 2155 982 2210 protinus
1015 2155 1371 2210 pronuntiatione
1393 2171 1548 2200 vocem

160 2220 205 2252 et
229 2213 477 2254 memoriam
501 2219 718 2254 exerceat.

221 2269 288 2310 Ne
311 2269 406 2311 illos
427 2269 602 2325 quidem
638 2268 1019 2325 reprehendendos
1055 2275 1222 2323 putem,
1253 2269 1328 2325 qui
1366 2269 1546 2326 paulum

161 2325 294 2372 etiam
314 2326 572 2368 Palaestricis
595 2328 854 2367 vacaverint.
915 2325 1015 2367 Non
1038 2326 1091 2366 de
1111 2326 1174 2366 his
1196 2327 1365 2382 loquor,
1389 2329 1546 2382 quibus

162 2396 261 2438 pars
288 2383 387 2425 vitae
413 2384 457 2424 in
479 2383 594 2432 oleo,
625 2398 720 2439 pars
740 2383 785 2424 in
806 2384 907 2423 vino
928 2383 1224 2434 consumitur-3
1257 2385 1328 2438 qui
1353 2386 1547 2441 corporis

163 2453 266 2480 eura
295 2448 486 2481 mentem
520 2441 770 2481 obruerunt.
834 2439 929 2480 Hos
957 2440 1073 2480 enim
1096 2441 1245 2480 abesse
1267 2442 1320 2481 ab
1342 2457 1394 2482 eo
1416 2458 1546 2497 quem

163 2494 426 2538 instituimus
444 2511 570 2552 quam
589 2497 842 2553 longissime
860 2495 1007 2537 velim.
1069 2497 1152 2538 Sed
1174 2512 1329 2538 nomen
1349 2510 1413 2540 est
1430 2500 1547 2541 idem

152 2552 216 2594 ,iis
238 2567 262 2594 a
284 2553 439 2609 quibus
476 2562 622 2610 gestus
660 2563 890 2610 motusque
924 2552 1191 2607 formantur3
1225 2562 1272 2595 ut
1307 2567 1427 2597 recta
1461 2558 1548 2597 sint

148 2726 161 2732 ..
208 2689 261 2729 (i)
287 2691 510 2727 Metrumrhoe
528 2691 692 2731 Euripidis
710 2691 742 2723 in
760 2692 891 2729 Medea,
916 2683 1029 2722 ἔσωσέ
1059 2683 1090 2721 δ’
1113 2688 1152 2727 ὣς
1177 2685 1292 2723 ’ἴσασιν
1313 2684 1445 2725 {Maium
1465 2686 1546 2733 ὅσοι.

163 2734 305 2784 a·Poetis
321 2735 455 2767 comicis
470 2737 613 2772 irrisum,
637 2737 736 2767 miros
754 2737 930 2778 aliquando
946 2739 1083 2771 Athenis
1108 2740 1281 2771 eac'ninnos
1297 2740 1329 2770 in
1346 2741 1474 2771 theatro
1491 2751 1548 2771 ex-

165 2784 289 2813 citavit.
