2015 3341
399 102 475 144 198
833 117 931 148 mn.
960 117 1076 148 viu.
1137 118 1339 148 Paomis.

392 202 626 259 plurimum
659 206 703 248 in
735 205 821 248 hoc
854 207 1014 250 laboris
1046 208 1340 259 exhausimus,
1372 215 1420 249 ut
1440 210 1781 263 ostenderemus,

393 259 639 304 rhetoricen
670 263 768 304 bene
797 264 965 307 dicendi
989 266 1222 315 scientiam,
1255 274 1299 306 et
1320 265 1482 315 utilem,
1505 275 1548 307 et
1565 275 1715 317 artem,
1738 279 1784 310 et

394 316 598 360 virtutem
612 334 724 371 esse3
748 322 971 363 materiam
984 323 1092 377 ejus,
1112 337 1172 362 res
1185 337 1322 363 omnes
1339 322 1387 362 de
1401 322 1550 378 quibus
1563 323 1782 366 dicendum

395 380 520 414 esset:
554 386 644 417 tum
667 384 713 417 et
732 391 803 417 eas
831 378 874 419 in
897 379 1033 419 tribus
1054 379 1143 419 fere
1167 379 1412 434 generibus,
1443 379 1784 430 demonstrativo,

396 429 997 489 deliberativo,judicialiqne,
1010 436 1183 490 reperiri
1197 451 1206 476 ε
1218 437 1457 476 orationem
1471 451 1596 492 porro
1608 451 1783 478 omnem

395 495 594 529 constare
618 490 750 539 rebus,
770 491 986 541 etverbi35
1010 493 1053 533 in
1073 493 1196 533 rebus
1215 492 1466 532 intuendam
1490 493 1783 543 inventionem,

396 542 440 584 in
462 545 601 585 verbis
623 546 911 597 elocutionem,
933 549 976 589 in
999 549 1189 604 utrisque
1209 549 1551 599 collocationem3
1584 565 1678 605 quae
1703 565 1786 590 me·-

397 601 534 641 moria
559 603 937 659 complecteretur,
969 606 1083 646 actio
1112 606 1457 646 commendaret:
1490 607 1670 647 oratoris
1691 607 1786 647 offi-

397 657 530 706 cium,
573 658 765 710 docendi,
796 662 1002 712 movendi,
1035 661 1274 704 delectandi
1316 663 1508 718 partibus
1548 664 1785 714 contium-53

398 727 453 753 ex
471 715 626 769 quibus
639 717 692 757 ad
717 718 962 760 docendum
986 719 1187 776 expositio
1203 720 1590 776 etargmnentatio,
1614 720 1667 761 ad
1691 735 1785 761 mo-

397 771 587 813 vendum
621 772 796 829 affectus
827 777 1116 830 pertinerent3
1150 791 1257 831 quos
1292 791 1367 832 per
1400 791 1577 818 omnem
1610 777 1787 832 quidein

398 840 588 879 causam,
620 831 691 871 sed
717 833 905 873 maxime
928 841 1070 873 tamen
1094 834 1136 874 in
1161 835 1354 888 ingressu
1372 847 1422 874 ac
1447 833 1528 874 fine
1548 834 1785 879 dominari:

397 897 498 925 uam
523 885 874 938 delectationem,
906 891 1099 945 quamvis
1122 890 1162 930 in
1186 900 1367 945 utroque
1390 889 1444 930 sit
1461 905 1625 939 eorum,
1648 891 1786 945 magis

399 947 545 983 tamen
581 946 773 1000 proprias
803 946 845 986 in
869 946 1118 987 elocutione
1143 956 1283 1002 partes
1309 947 1488 988 habere:
1523 947 1785 1002 quaestiones

400 998 506 1038 alias
522 999 725 1054 infinitas,
743 1002 1023 1056 aliasfinitas,
1039 1018 1135 1058 quae
1156 1004 1362 1058 personis,
1383 1004 1502 1052 locis,
1518 1005 1787 1058 temporibus

399 1056 748 1100 continerentur:
784 1060 825 1100 in
845 1061 962 1100 omni
989 1074 1114 1115 porro
1135 1060 1314 1101 materia
1337 1061 1417 1100 tria
1433 1074 1523 1101 esse
1538 1061 1785 1115 quaerenda:

401 1125 458 1153 an
478 1111 571 1152 sit?
602 1114 707 1170 quid
737 1114 824 1159 sit?
855 1116 979 1171 quale
1002 1116 1090 1157 sit?
1142 1116 1224 1157 His
1258 1117 1586 1174 adjiciebamus,
1619 1116 1787 1157 (lemon-

401 1170 631 1212 strativam
648 1171 775 1213 laude
793 1188 843 1213 ac
867 1174 1184 1229 vituperatione
1201 1184 1418 1213 constare:
1451 1173 1494 1213 in
1519 1187 1584 1222 ea,
1616 1172 1712 1227 quzie
1735 1175 1790 1215 ab

403 1223 515 1280 ipSO,
549 1226 602 1267 de
625 1242 711 1284 quo
735 1229 991 1278 diceremus,
1023 1244 1118 1284 quae
1142 1240 1238 1284 post
1260 1244 1357 1270 eum
1379 1237 1476 1270 acta
1496 1238 1653 1279 essent,
1674 1230 1791 1273 intu-

402 1281 586 1324 endum:
619 1284 704 1325 hoc
738 1301 845 1342 opus
877 1293 1061 1326 tractatu
1095 1285 1373 1327 honestorum
1410 1286 1664 1341 utiliumque
1687 1301 1793 1328 con-

403 1347 539 1381 stare:
572 1342 771 1383 suasoriis
803 1343 1010 1384 accedere
1034 1343 1202 1383 tertiam
1235 1351 1401 1398 partem
1434 1357 1488 1384 ex
1518 1343 1790 1398 conjectura:

403 1404 606 1450 possetne
619 1399 724 1449 fieri,
737 1408 795 1450 et,
807 1415 859 1440 an
871 1410 983 1442 esset
993 1400 1200 1449 futurum,
1213 1399 1360 1455 dequo
1376 1399 1706 1442 deliberaretur:
1721 1400 1793 1443 hic

401 1454 622 1510 praecipue
641 1455 829 1498 diximus
847 1457 1146 1512 spectandum,
1160 1457 1285 1506 Quis,
1301 1456 1415 1512 apud,
1433 1471 1575 1512 quem,
1599 1457 1700 1512 quid
1726 1457 1793 1499 di-

401 1520 519 1552 ceret
531 1511 819 1569 :judicialium
830 1528 1053 1558 causarum
1064 1513 1167 1554 alias
1179 1514 1219 1555 in
1232 1514 1262 1554 si
1272 1513 1534 1569 ngulis,alias
1544 1514 1586 1554 in
1599 1514 1793 1569 pluribus

404 1570 711 1611 controversiis
727 1571 979 1614 consistere.
1015 1602 1024 1612 .
1088 1570 1135 1612 In
1156 1572 1273 1612 omni
1298 1586 1424 1626 porro
1439 1571 1793 1625 causajudiciali,

403 1624 594 1680 quinque
617 1640 707 1668 esse
726 1635 883 1683 partes,
904 1642 1081 1683 quarum
1101 1627 1270 1670 exordio
1289 1628 1507 1668 conciliari
1526 1627 1793 1680 audientem,

405 1683 655 1725 narratione
672 1699 843 1733 causam
867 1684 1067 1740 proponi,
1101 1684 1417 1739 confirmatione
1441 1684 1648 1734 roborari,
1679 1684 1794 1742 refle-

407 1737 570 1781 tatione
593 1740 786 1791 dissolvi,
810 1741 1084 1796 peroratione
1107 1749 1182 1782 aut
1208 1741 1460 1781 memoriam
1475 1741 1637 1796 judicis
1660 1743 1795 1794 refici,

408 1803 486 1835 aut
504 1796 670 1838 animos
691 1798 869 1839 moveri.
914 1798 996 1839 His
1015 1798 1345 1853 argumentandi
1361 1807 1405 1837 et
1421 1797 1635 1839 afficiendi
1659 1797 1794 1851 locos,

409 1859 462 1891 etr
489 1852 644 1907 quibus
685 1856 914 1909 generibus
956 1856 1180 1904 concitari,
1225 1855 1398 1910 placari,
1432 1855 1583 1894 resolvi
1620 1855 1795 1910 judices

409 1918 599 1963 oportet,
621 1910 873 1966 adjecimus
924 1911 1119 1955 Accessit
1141 1911 1249 1952 ratio
1268 1914 1330 1964 (l)
1355 1911 1594 1952 divisionis:
1620 1913 1795 1955 credere

408 1965 560 2016 modo,
592 1968 665 2023 qui
700 1968 852 2019 discet,
885 1968 1006 2018 velit,
1038 1978 1199 2010 certam
1233 1968 1451 2023 quandam
1475 1970 1586 2009 viam
1610 1983 1716 2019 esse,
1751 1971 1795 2012 in

409 2036 496 2076 qua
515 2024 649 2064 multa
666 2025 797 2066 etiam
819 2026 908 2067 sine
926 2025 1124 2066 doctrina
1142 2035 1343 2080 praestare
1367 2025 1525 2066 debeat
1545 2040 1620 2080 per
1640 2041 1682 2066 se
1706 2028 1798 2082 ipsa

409 2086 585 2132 natura3
618 2089 664 2122 ut
696 2081 804 2131 haec,
836 2082 889 2123 de
911 2082 1066 2138 quibus
1088 2082 1197 2131 dixi,
1231 2096 1314 2122 non
1335 2087 1419 2122 tani
1444 2083 1619 2123 inventa
1640 2097 1664 2122 a
1685 2098 1797 2139 prae-

411 2139 677 2192 ceptoribus,
710 2154 854 2194 quam,
886 2154 984 2180 cum
1002 2139 1169 2188 fierent,
1193 2140 1418 2179 observata
1439 2153 1529 2180 esse
1552 2140 1794 2186 videantur,

471 2192 578 2236 Plus
614 2196 800 2251 exigunt
835 2196 992 2237 laboris
1032 2204 1075 2237 et
1110 2210 1223 2237 curae
1261 2210 1357 2250 quae
1399 2205 1659 2251 sequuntur:
1693 2198 1796 2239 hinc

413 2251 631 2306 enimjam
648 2253 892 2294 elocutionis
907 2254 1113 2297 rationem
1134 2253 1428 2302 tractabimus,
1451 2260 1616 2308 partem
1636 2254 1796 2309 operis,

414 2318 462 2347 ut
486 2309 597 2349 inter
619 2324 766 2351 omnes
790 2321 983 2351 oratores
998 2310 1219 2358 convenit,
1242 2309 1557 2351 difficillimam.
1618 2310 1733 2352 Nam
1754 2320 1800 2354 et

415 2363 485 2405 M.
507 2367 740 2417 Antonius,
773 2367 896 2423 cujus
917 2382 1043 2421 supra
1064 2366 1294 2407 habuimus
1315 2367 1598 2418 mentionem,
1628 2368 1690 2408 ait
1709 2383 1735 2408 a
1754 2383 1798 2410 se

416 2420 591 2464 disertos
623 2424 734 2464 visos
768 2438 858 2464 esse
890 2424 1065 2473 multos,
1099 2423 1354 2478 eloquentem
1385 2431 1528 2464 autem
1564 2424 1800 2468 neminem.

419 2477 604 2521 Disertis
635 2482 736 2522 satis
772 2489 908 2536 putat,
941 2481 1084 2522 dicere
1103 2495 1197 2535 qnae
1229 2488 1449 2536 oporteat3
1482 2492 1632 2522 ornate
1654 2489 1797 2524 autem

418 2535 579 2586 dicere,
610 2538 830 2593 proprium
852 2553 942 2579 esse
959 2536 1319 2591 eloquentissimi:
1343 2553 1440 2592 quae
1458 2538 1590 2580 virtus
1612 2539 1644 2579 si
1666 2553 1801 2594 usque

417 2594 474 2634 ad
492 2594 652 2635 eumin
671 2594 789 2636 nullo
814 2603 979 2650 reperta
1001 2605 1080 2643 est,
1112 2609 1163 2634 ac
1184 2609 1237 2634 ne
1260 2594 1301 2634 in
1325 2594 1417 2649 ipso
1441 2595 1632 2649 quidem,
1654 2605 1727 2636 aut
1750 2595 1799 2643 L„

421 2648 600 2707 Crasso3
633 2659 797 2697 certum
815 2659 880 2693 est
900 2661 943 2692 et
962 2651 1004 2692 in
1027 2651 1110 2701 his,
1143 2661 1186 2692 et
1208 2652 1250 2692 in
1278 2651 1494 2707 prioribus
1516 2667 1610 2694 earn
1632 2651 1802 2693 deside-

466 2737 518 2776 (1)
542 2735 728 2767 Divis-ionem
743 2736 894 2779 aerllat
909 2735 1170 2766 distributionem
1188 2737 1344 2768 thematis
1361 2742 1395 2767 et
1419 2740 1544 2769 causae‘
1552 2736 1586 2768 in
1601 2737 1713 2777 capita
1729 2746 1803 2779 sue.⁸

419 2789 492 2822 quae
509 2790 560 2812 res
572 2780 784 2822 dispositionem
798 2780 957 2811 orationis
968 2780 1079 2810 efficit,
1130 2778 1222 2810 Tum.
