<?xml version="1.0" encoding="UTF-8"?>
<!DOCTYPE html PUBLIC "-//W3C//DTD XHTML 1.0 Transitional//EN"
    "http://www.w3.org/TR/xhtml1/DTD/xhtml1-transitional.dtd">
<html xmlns="http://www.w3.org/1999/xhtml" xml:lang="en" lang="en">
 <head>
  <title>
</title>
<meta http-equiv="Content-Type" content="text/html;charset=utf-8" />
  <meta name='ocr-system' content='tesseract 3.04.00' />
  <meta name='ocr-capabilities' content='ocr_page ocr_carea ocr_par ocr_line ocrx_word'/>
</head>
<body>
  <div class='ocr_page' id='page_1' title='image "./deinstitutioneor00quinuoft_0191.png"; bbox 0 0 2015 3341; ppageno 0'>
   <div class='ocr_carea' id='block_1_1' title="bbox 672 217 1599 266">
    <p class='ocr_par' dir='ltr' id='par_1_1' title="bbox 672 217 1599 266">
     <span class='ocr_line' id='line_1_1' title="bbox 672 217 1599 266; baseline -0.01 0"><span class='ocrx_word' id='word_1_1' title='bbox 672 234 735 266; x_wconf 65' lang='lat' dir='ltr'>niz</span> <span class='ocrx_word' id='word_1_2' title='bbox 770 229 1145 264; x_wconf 73' lang='lat' dir='ltr'><strong>PERORA‘ronE.</strong></span> <span class='ocrx_word' id='word_1_3' title='bbox 1521 217 1599 259; x_wconf 78' lang='lat'>171</span> 
     </span>
    </p>
   </div>
   <div class='ocr_carea' id='block_1_2' title="bbox 176 311 1618 2763">
    <p class='ocr_par' dir='ltr' id='par_1_2' title="bbox 176 311 1611 1446">
     <span class='ocr_line' id='line_1_2' title="bbox 218 311 1603 376; baseline -0.004 -18"><span class='ocrx_word' id='word_1_4' title='bbox 218 314 275 359; x_wconf 60' lang='lat' dir='ltr'>ab</span> <span class='ocrx_word' id='word_1_5' title='bbox 299 316 374 359; x_wconf 83' lang='lat' dir='ltr'>ilio</span> <span class='ocrx_word' id='word_1_6' title='bbox 406 333 532 375; x_wconf 86' lang='lat' dir='ltr'>quem</span> <span class='ocrx_word' id='word_1_7' title='bbox 564 329 738 376; x_wconf 78' lang='lat' dir='ltr'>ceperat</span> <span class='ocrx_word' id='word_1_8' title='bbox 772 321 936 376; x_wconf 79' lang='lat' dir='ltr'>impetu</span> <span class='ocrx_word' id='word_1_9' title='bbox 967 317 1020 360; x_wconf 84' lang='lat' dir='ltr'>ad</span> <span class='ocrx_word' id='word_1_10' title='bbox 1051 317 1261 358; x_wconf 83' lang='lat' dir='ltr'>rationem</span> <span class='ocrx_word' id='word_1_11' title='bbox 1295 312 1423 356; x_wconf 68' lang='lat' dir='ltr'>redit.</span> <span class='ocrx_word' id='word_1_12' title='bbox 1499 311 1603 361; x_wconf 76' lang='lat' dir='ltr'>Non</span> 
     </span>
     <span class='ocr_line' id='line_1_3' title="bbox 214 368 1603 432; baseline -0.002 -19"><span class='ocrx_word' id='word_1_13' title='bbox 214 376 430 430; x_wconf 76' lang='lat' dir='ltr'>patiamur</span> <span class='ocrx_word' id='word_1_14' title='bbox 458 377 590 432; x_wconf 76' lang='lat' dir='ltr'>igitur</span> <span class='ocrx_word' id='word_1_15' title='bbox 609 378 841 432; x_wconf 75' lang='lat' dir='ltr'><strong>frigescere</strong></span> <span class='ocrx_word' id='word_1_16' title='bbox 866 377 948 417; x_wconf 86' lang='lat' dir='ltr'>hoc</span> <span class='ocrx_word' id='word_1_17' title='bbox 972 389 1096 431; x_wconf 62' lang='lat' dir='ltr'>opusj,</span> <span class='ocrx_word' id='word_1_18' title='bbox 1125 381 1171 413; x_wconf 84' lang='lat' dir='ltr'>et</span> <span class='ocrx_word' id='word_1_19' title='bbox 1199 372 1405 412; x_wconf 78' lang='lat' dir='ltr'>affectum</span> <span class='ocrx_word' id='word_1_20' title='bbox 1426 384 1524 411; x_wconf 89' lang='lat' dir='ltr'>cum</span> <span class='ocrx_word' id='word_1_21' title='bbox 1545 368 1603 411; x_wconf 83' lang='lat' dir='ltr'>ad</span> 
     </span>
     <span class='ocr_line' id='line_1_4' title="bbox 214 426 1605 489; baseline -0.001 -19"><span class='ocrx_word' id='word_1_22' title='bbox 214 445 432 473; x_wconf 77' lang='lat' dir='ltr'>summum</span> <span class='ocrx_word' id='word_1_23' title='bbox 457 435 798 489; x_wconf 71' lang='lat' dir='ltr'>perduxerimus,</span> <span class='ocrx_word' id='word_1_24' title='bbox 829 433 1140 488; x_wconf 77' lang='lat' dir='ltr'>relinquamus:</span> <span class='ocrx_word' id='word_1_25' title='bbox 1173 443 1254 470; x_wconf 81' lang='lat' dir='ltr'>nec</span> <span class='ocrx_word' id='word_1_26' title='bbox 1272 441 1489 484; x_wconf 83' lang='lat' dir='ltr'>speremus</span> <span class='ocrx_word' id='word_1_27' title='bbox 1511 426 1605 468; x_wconf 81' lang='lat' dir='ltr'><strong>fore</strong></span> 
     </span>
     <span class='ocr_line' id='line_1_5' title="bbox 216 484 1602 545; baseline -0.002 -19"><span class='ocrx_word' id='word_1_28' title='bbox 216 489 427 530; x_wconf 78' lang='lat' dir='ltr'>utalicna</span> <span class='ocrx_word' id='word_1_29' title='bbox 460 490 686 545; x_wconf 84' lang='lat' dir='ltr'>quisquam</span> <span class='ocrx_word' id='word_1_30' title='bbox 719 491 793 531; x_wconf 91' lang='lat' dir='ltr'>diu</span> <span class='ocrx_word' id='word_1_31' title='bbox 829 490 985 545; x_wconf 79' lang='lat' dir='ltr'>ploret.</span> <span class='ocrx_word' id='word_1_32' title='bbox 1047 488 1242 541; x_wconf 81' lang='lat' dir='ltr'><strong>Ideoque</strong></span> <span class='ocrx_word' id='word_1_33' title='bbox 1279 500 1378 527; x_wconf 85' lang='lat' dir='ltr'>cum</span> <span class='ocrx_word' id='word_1_34' title='bbox 1412 485 1456 525; x_wconf 87' lang='lat' dir='ltr'>iu</span> <span class='ocrx_word' id='word_1_35' title='bbox 1489 484 1602 534; x_wconf 81' lang='lat' dir='ltr'>aliis,</span> 
     </span>
     <span class='ocr_line' id='line_1_6' title="bbox 217 541 1605 602; baseline -0.003 -18"><span class='ocrx_word' id='word_1_36' title='bbox 217 552 310 584; x_wconf 74' lang='lat' dir='ltr'>tuin</span> <span class='ocrx_word' id='word_1_37' title='bbox 347 547 532 587; x_wconf 74' lang='lat' dir='ltr'>maxime</span> <span class='ocrx_word' id='word_1_38' title='bbox 570 549 620 587; x_wconf 87' lang='lat' dir='ltr'>in.</span> <span class='ocrx_word' id='word_1_39' title='bbox 653 546 733 587; x_wconf 83' lang='lat' dir='ltr'>hac</span> <span class='ocrx_word' id='word_1_40' title='bbox 769 555 889 602; x_wconf 81' lang='lat' dir='ltr'>parte</span> <span class='ocrx_word' id='word_1_41' title='bbox 922 545 1054 586; x_wconf 85' lang='lat' dir='ltr'>debet</span> <span class='ocrx_word' id='word_1_42' title='bbox 1085 557 1275 585; x_wconf 85' lang='lat' dir='ltr'>crescere</span> <span class='ocrx_word' id='word_1_43' title='bbox 1308 542 1469 583; x_wconf 83' lang='lat' dir='ltr'>oratio:</span> <span class='ocrx_word' id='word_1_44' title='bbox 1501 541 1605 595; x_wconf 79' lang='lat' dir='ltr'>quia</span> 
     </span>
     <span class='ocr_line' id='line_1_7' title="bbox 216 597 1601 658; baseline -0.001 -18"><span class='ocrx_word' id='word_1_45' title='bbox 216 602 426 656; x_wconf 75' lang='lat' dir='ltr'>quidquid</span> <span class='ocrx_word' id='word_1_46' title='bbox 451 617 536 642; x_wconf 83' lang='lat' dir='ltr'>non</span> <span class='ocrx_word' id='word_1_47' title='bbox 569 602 721 658; x_wconf 79' lang='lat' dir='ltr'>adjicit</span> <span class='ocrx_word' id='word_1_48' title='bbox 742 602 970 657; x_wconf 84' lang='lat' dir='ltr'>prioribus,</span> <span class='ocrx_word' id='word_1_49' title='bbox 1000 602 1132 642; x_wconf 74' lang='lat' dir='ltr'>etiam</span> <span class='ocrx_word' id='word_1_50' title='bbox 1154 599 1380 640; x_wconf 83' lang='lat' dir='ltr'><strong>detrahere</strong></span> <span class='ocrx_word' id='word_1_51' title='bbox 1402 597 1601 639; x_wconf 79' lang='lat' dir='ltr'>videtur:</span> 
     </span>
     <span class='ocr_line' id='line_1_8' title="bbox 214 655 1604 713; baseline -0.001 -16"><span class='ocrx_word' id='word_1_52' title='bbox 214 667 262 697; x_wconf 86' lang='lat' dir='ltr'>et</span> <span class='ocrx_word' id='word_1_53' title='bbox 284 658 412 698; x_wconf 82' lang='lat' dir='ltr'>facile</span> <span class='ocrx_word' id='word_1_54' title='bbox 429 658 578 700; x_wconf 83' lang='lat' dir='ltr'>deficit</span> <span class='ocrx_word' id='word_1_55' title='bbox 598 659 793 709; x_wconf 79' lang='lat' dir='ltr'>affectus,</span> <span class='ocrx_word' id='word_1_56' title='bbox 818 659 891 713; x_wconf 82' lang='lat' dir='ltr'>qui</span> <span class='ocrx_word' id='word_1_57' title='bbox 909 657 1151 699; x_wconf 86' lang='lat' dir='ltr'>descendit.</span> <span class='ocrx_word' id='word_1_58' title='bbox 1185 656 1286 698; x_wconf 88' lang='lat' dir='ltr'>Non</span> <span class='ocrx_word' id='word_1_59' title='bbox 1304 655 1441 696; x_wconf 85' lang='lat' dir='ltr'>solum</span> <span class='ocrx_word' id='word_1_60' title='bbox 1459 663 1604 696; x_wconf 83' lang='lat' dir='ltr'>autem</span> 
     </span>
     <span class='ocr_line' id='line_1_9' title="bbox 219 712 1610 770; baseline -0.001 -17"><span class='ocrx_word' id='word_1_61' title='bbox 219 712 422 764; x_wconf 83' lang='lat' dir='ltr'>dicendo,</span> <span class='ocrx_word' id='word_1_62' title='bbox 454 717 524 756; x_wconf 87' lang='lat' dir='ltr'>sed</span> <span class='ocrx_word' id='word_1_63' title='bbox 564 716 694 757; x_wconf 74' lang='lat' dir='ltr'>etiam</span> <span class='ocrx_word' id='word_1_64' title='bbox 732 714 933 756; x_wconf 68' lang='lat' dir='ltr'>faciendo</span> <span class='ocrx_word' id='word_1_65' title='bbox 965 714 1183 770; x_wconf 78' lang='lat' dir='ltr'>quaedam,</span> <span class='ocrx_word' id='word_1_66' title='bbox 1214 712 1425 766; x_wconf 76' lang='lat' dir='ltr'>lacrymas</span> <span class='ocrx_word' id='word_1_67' title='bbox 1461 725 1610 753; x_wconf 80' lang='lat' dir='ltr'>move-</span> 
     </span>
     <span class='ocr_line' id='line_1_10' title="bbox 216 767 1611 828; baseline -0.001 -17"><span class='ocrx_word' id='word_1_68' title='bbox 216 784 334 812; x_wconf 82' lang='lat' dir='ltr'>mus:</span> <span class='ocrx_word' id='word_1_69' title='bbox 361 771 473 811; x_wconf 74' lang='lat' dir='ltr'>uude</span> <span class='ocrx_word' id='word_1_70' title='bbox 496 782 540 813; x_wconf 85' lang='lat' dir='ltr'>et</span> <span class='ocrx_word' id='word_1_71' title='bbox 559 771 798 828; x_wconf 77' lang='lat' dir='ltr'>producere</span> <span class='ocrx_word' id='word_1_72' title='bbox 822 773 936 827; x_wconf 83' lang='lat' dir='ltr'>ipsos</span> <span class='ocrx_word' id='word_1_73' title='bbox 958 771 1031 825; x_wconf 86' lang='lat' dir='ltr'>qui</span> <span class='ocrx_word' id='word_1_74' title='bbox 1055 768 1369 825; x_wconf 73' lang='lat' dir='ltr'>periclitentur,</span> <span class='ocrx_word' id='word_1_75' title='bbox 1387 767 1611 824; x_wconf 38' lang='lat' dir='ltr'>squalidos*</span> 
     </span>
     <span class='ocr_line' id='line_1_11' title="bbox 218 825 1606 882; baseline -0.001 -15"><span class='ocrx_word' id='word_1_76' title='bbox 218 834 347 881; x_wconf 83' lang='lat' dir='ltr'>atque</span> <span class='ocrx_word' id='word_1_77' title='bbox 367 826 598 879; x_wconf 74' lang='lat' dir='ltr'><strong>deformes,</strong></span> <span class='ocrx_word' id='word_1_78' title='bbox 619 838 663 869; x_wconf 82' lang='lat' dir='ltr'>et</span> <span class='ocrx_word' id='word_1_79' title='bbox 685 829 839 869; x_wconf 88' lang='lat' dir='ltr'>liberos</span> <span class='ocrx_word' id='word_1_80' title='bbox 864 841 1013 868; x_wconf 83' lang='lat' dir='ltr'>eorum</span> <span class='ocrx_word' id='word_1_81' title='bbox 1035 842 1086 868; x_wconf 78' lang='lat' dir='ltr'>ac</span> <span class='ocrx_word' id='word_1_82' title='bbox 1108 835 1321 882; x_wconf 81' lang='lat' dir='ltr'>parentes,</span> <span class='ocrx_word' id='word_1_83' title='bbox 1341 825 1606 875; x_wconf 73' lang='lat' dir='ltr'>institutum,</span> 
     </span>
     <span class='ocr_line' id='line_1_12' title="bbox 217 881 1609 939; baseline -0.001 -16"><span class='ocrx_word' id='word_1_84' title='bbox 217 893 262 923; x_wconf 81' lang='lat' dir='ltr'>et</span> <span class='ocrx_word' id='word_1_85' title='bbox 283 884 336 924; x_wconf 83' lang='lat' dir='ltr'>ab</span> <span class='ocrx_word' id='word_1_86' title='bbox 360 884 683 926; x_wconf 71' lang='lat' dir='ltr'>accusatoribus</span> <span class='ocrx_word' id='word_1_87' title='bbox 712 885 882 927; x_wconf 78' lang='lat' dir='ltr'>ostendi</span> <span class='ocrx_word' id='word_1_88' title='bbox 915 892 1144 925; x_wconf 84' lang='lat' dir='ltr'>cruentum</span> <span class='ocrx_word' id='word_1_89' title='bbox 1177 882 1388 939; x_wconf 84' lang='lat' dir='ltr'>gladium,</span> <span class='ocrx_word' id='word_1_90' title='bbox 1419 889 1464 922; x_wconf 76' lang='lat' dir='ltr'>et</span> <span class='ocrx_word' id='word_1_91' title='bbox 1494 881 1609 922; x_wconf 80' lang='lat' dir='ltr'>lecta.</span> 
     </span>
     <span class='ocr_line' id='line_1_13' title="bbox 218 938 1606 996; baseline -0.001 -16"><span class='ocrx_word' id='word_1_92' title='bbox 218 953 242 979; x_wconf 81' lang='lat' dir='ltr'>e</span> <span class='ocrx_word' id='word_1_93' title='bbox 265 941 513 983; x_wconf 79' lang='lat' dir='ltr'>vulneribus</span> <span class='ocrx_word' id='word_1_94' title='bbox 547 957 658 993; x_wconf 79' lang='lat' dir='ltr'>ossa,</span> <span class='ocrx_word' id='word_1_95' title='bbox 691 951 736 983; x_wconf 76' lang='lat' dir='ltr'>et</span> <span class='ocrx_word' id='word_1_96' title='bbox 769 954 906 983; x_wconf 74' lang='lat' dir='ltr'>vestes</span> <span class='ocrx_word' id='word_1_97' title='bbox 934 939 1145 996; x_wconf 79' lang='lat' dir='ltr'>sanguine</span> <span class='ocrx_word' id='word_1_98' title='bbox 1173 939 1365 995; x_wconf 81' lang='lat' dir='ltr'>perfusas</span> <span class='ocrx_word' id='word_1_99' title='bbox 1395 938 1606 989; x_wconf 68' lang='lat' dir='ltr'>videmus,</span> 
     </span>
     <span class='ocr_line' id='line_1_14' title="bbox 218 996 1605 1053; baseline -0.001 -16"><span class='ocrx_word' id='word_1_100' title='bbox 218 1004 266 1037; x_wconf 80' lang='lat' dir='ltr'>et</span> <span class='ocrx_word' id='word_1_101' title='bbox 289 997 465 1039; x_wconf 75' lang='lat' dir='ltr'>vulnera</span> <span class='ocrx_word' id='word_1_102' title='bbox 488 1000 658 1048; x_wconf 70' lang='lat' dir='ltr'>resolvi,</span> <span class='ocrx_word' id='word_1_103' title='bbox 680 1015 729 1041; x_wconf 84' lang='lat' dir='ltr'>ac</span> <span class='ocrx_word' id='word_1_104' title='bbox 752 1000 977 1041; x_wconf 79' lang='lat' dir='ltr'>verberata</span> <span class='ocrx_word' id='word_1_105' title='bbox 993 1010 1177 1053; x_wconf 85' lang='lat' dir='ltr'>corpora</span> <span class='ocrx_word' id='word_1_106' title='bbox 1197 996 1366 1038; x_wconf 82' lang='lat' dir='ltr'>nudari.</span> <span class='ocrx_word' id='word_1_107' title='bbox 1413 996 1605 1040; x_wconf 75' lang='lat' dir='ltr'>Quarum</span> 
     </span>
     <span class='ocr_line' id='line_1_15' title="bbox 216 1053 1611 1112; baseline -0.001 -16"><span class='ocrx_word' id='word_1_108' title='bbox 216 1067 360 1096; x_wconf 84' lang='lat' dir='ltr'>rerum</span> <span class='ocrx_word' id='word_1_109' title='bbox 382 1055 534 1112; x_wconf 81' lang='lat' dir='ltr'>ingens</span> <span class='ocrx_word' id='word_1_110' title='bbox 557 1057 808 1112; x_wconf 83' lang='lat' dir='ltr'>plerumque</span> <span class='ocrx_word' id='word_1_111' title='bbox 831 1057 891 1097; x_wconf 87' lang='lat' dir='ltr'>vis</span> <span class='ocrx_word' id='word_1_112' title='bbox 915 1065 994 1106; x_wconf 80' lang='lat' dir='ltr'>est,</span> <span class='ocrx_word' id='word_1_113' title='bbox 1024 1055 1142 1096; x_wconf 85' lang='lat' dir='ltr'>velut</span> <span class='ocrx_word' id='word_1_114' title='bbox 1171 1053 1214 1094; x_wconf 89' lang='lat' dir='ltr'>in</span> <span class='ocrx_word' id='word_1_115' title='bbox 1236 1067 1327 1094; x_wconf 87' lang='lat' dir='ltr'><strong>rem</strong></span> <span class='ocrx_word' id='word_1_116' title='bbox 1349 1058 1611 1108; x_wconf 80' lang='lat' dir='ltr'>praescntem</span> 
     </span>
     <span class='ocr_line' id='line_1_16' title="bbox 176 1109 1611 1167; baseline -0.003 -14"><span class='ocrx_word' id='word_1_117' title='bbox 176 1144 179 1145; x_wconf 17' lang='grc' dir='ltr'><em>γ</em></span> <span class='ocrx_word' id='word_1_118' title='bbox 218 1111 387 1153; x_wconf 82' lang='lat' dir='ltr'>animos</span> <span class='ocrx_word' id='word_1_119' title='bbox 420 1112 645 1155; x_wconf 85' lang='lat' dir='ltr'>hominum</span> <span class='ocrx_word' id='word_1_120' title='bbox 680 1114 947 1155; x_wconf 80' lang='lat' dir='ltr'>ducentium.</span> <span class='ocrx_word' id='word_1_121' title='bbox 1012 1111 1068 1152; x_wconf 82' lang='lat' dir='ltr'>Et</span> <span class='ocrx_word' id='word_1_122' title='bbox 1107 1109 1317 1167; x_wconf 84' lang='lat' dir='ltr'>populum</span> <span class='ocrx_word' id='word_1_123' title='bbox 1361 1109 1611 1151; x_wconf 81' lang='lat' dir='ltr'>Romanum</span> 
     </span>
     <span class='ocr_line' id='line_1_17' title="bbox 220 1166 1608 1228; baseline -0.001 -20"><span class='ocrx_word' id='word_1_124' title='bbox 220 1168 314 1222; x_wconf 83' lang='lat' dir='ltr'>egit</span> <span class='ocrx_word' id='word_1_125' title='bbox 334 1169 376 1209; x_wconf 91' lang='lat' dir='ltr'>in</span> <span class='ocrx_word' id='word_1_126' title='bbox 402 1168 588 1211; x_wconf 85' lang='lat' dir='ltr'>furorem</span> <span class='ocrx_word' id='word_1_127' title='bbox 606 1179 820 1228; x_wconf 64' lang='lat' dir='ltr'>praetexta</span> <span class='ocrx_word' id='word_1_128' title='bbox 836 1170 928 1211; x_wconf 83' lang='lat' dir='ltr'>Caii</span> <span class='ocrx_word' id='word_1_129' title='bbox 947 1168 1128 1210; x_wconf 79' lang='lat' dir='ltr'>Caesaris</span> <span class='ocrx_word' id='word_1_130' title='bbox 1147 1167 1312 1224; x_wconf 81' lang='lat' dir='ltr'>prolata</span> <span class='ocrx_word' id='word_1_131' title='bbox 1333 1166 1378 1207; x_wconf 88' lang='lat' dir='ltr'>in</span> <span class='ocrx_word' id='word_1_132' title='bbox 1402 1166 1495 1207; x_wconf 80' lang='lat' dir='ltr'>foro</span> <span class='ocrx_word' id='word_1_133' title='bbox 1509 1181 1608 1207; x_wconf 86' lang='lat' dir='ltr'>cru-</span> 
     </span>
     <span class='ocr_line' id='line_1_18' title="bbox 220 1224 1610 1281; baseline -0.001 -17"><span class='ocrx_word' id='word_1_134' title='bbox 220 1232 337 1267; x_wconf 77' lang='lat' dir='ltr'>enta.</span> <span class='ocrx_word' id='word_1_135' title='bbox 397 1226 624 1270; x_wconf 74' lang='lat' dir='ltr'>sciebatur</span> <span class='ocrx_word' id='word_1_136' title='bbox 645 1227 920 1269; x_wconf 81' lang='lat' dir='ltr'>interfectum</span> <span class='ocrx_word' id='word_1_137' title='bbox 942 1240 1057 1276; x_wconf 84' lang='lat' dir='ltr'>eum,</span> <span class='ocrx_word' id='word_1_138' title='bbox 1081 1239 1237 1281; x_wconf 74' lang='lat' dir='ltr'>corpus</span> <span class='ocrx_word' id='word_1_139' title='bbox 1260 1224 1446 1278; x_wconf 69' lang='lat' dir='ltr'>denique</span> <span class='ocrx_word' id='word_1_140' title='bbox 1471 1225 1610 1279; x_wconf 85' lang='lat' dir='ltr'>ipsum</span> 
     </span>
     <span class='ocr_line' id='line_1_19' title="bbox 219 1281 1607 1338; baseline -0.001 -16"><span class='ocrx_word' id='word_1_141' title='bbox 219 1281 472 1338; x_wconf 77' lang='lat' dir='ltr'>impositum</span> <span class='ocrx_word' id='word_1_142' title='bbox 496 1283 611 1325; x_wconf 87' lang='lat' dir='ltr'>lecto</span> <span class='ocrx_word' id='word_1_143' title='bbox 630 1293 742 1327; x_wconf 82' lang='lat' dir='ltr'>erat:</span> <span class='ocrx_word' id='word_1_144' title='bbox 774 1284 904 1326; x_wconf 75' lang='lat' dir='ltr'>vestis</span> <span class='ocrx_word' id='word_1_145' title='bbox 933 1292 1077 1325; x_wconf 80' lang='lat' dir='ltr'>tamen</span> <span class='ocrx_word' id='word_1_146' title='bbox 1099 1281 1171 1324; x_wconf 82' lang='lat' dir='ltr'>illa</span> <span class='ocrx_word' id='word_1_147' title='bbox 1191 1282 1401 1337; x_wconf 77' lang='lat' dir='ltr'>sanguine</span> <span class='ocrx_word' id='word_1_148' title='bbox 1430 1281 1607 1321; x_wconf 77' lang='lat' dir='ltr'>madens</span> 
     </span>
     <span class='ocr_line' id='line_1_20' title="bbox 220 1337 1610 1397; baseline -0.001 -17"><span class='ocrx_word' id='word_1_149' title='bbox 220 1338 284 1380; x_wconf 74' lang='lat' dir='ltr'>ita</span> <span class='ocrx_word' id='word_1_150' title='bbox 302 1342 630 1396; x_wconf 76' lang='lat' dir='ltr'>repraesentavit</span> <span class='ocrx_word' id='word_1_151' title='bbox 660 1342 895 1397; x_wconf 80' lang='lat' dir='ltr'>imaginem</span> <span class='ocrx_word' id='word_1_152' title='bbox 923 1340 1113 1389; x_wconf 82' lang='lat' dir='ltr'>sceleris,</span> <span class='ocrx_word' id='word_1_153' title='bbox 1146 1347 1193 1379; x_wconf 75' lang='lat' dir='ltr'>ut</span> <span class='ocrx_word' id='word_1_154' title='bbox 1220 1353 1305 1379; x_wconf 89' lang='lat' dir='ltr'>non</span> <span class='ocrx_word' id='word_1_155' title='bbox 1331 1337 1497 1379; x_wconf 84' lang='lat' dir='ltr'>occisus</span> <span class='ocrx_word' id='word_1_156' title='bbox 1519 1351 1610 1379; x_wconf 80' lang='lat' dir='ltr'>csse</span> 
     </span>
     <span class='ocr_line' id='line_1_21' title="bbox 222 1394 1238 1446; baseline 0 -10"><span class='ocrx_word' id='word_1_157' title='bbox 222 1394 384 1446; x_wconf 74' lang='lat' dir='ltr'>Caesar,</span> <span class='ocrx_word' id='word_1_158' title='bbox 417 1398 491 1438; x_wconf 86' lang='lat' dir='ltr'>sed</span> <span class='ocrx_word' id='word_1_159' title='bbox 515 1407 606 1439; x_wconf 83' lang='lat' dir='ltr'>tum</span> <span class='ocrx_word' id='word_1_160' title='bbox 627 1400 816 1440; x_wconf 81' lang='lat' dir='ltr'>maxime</span> <span class='ocrx_word' id='word_1_161' title='bbox 838 1398 980 1439; x_wconf 83' lang='lat' dir='ltr'>occidi</span> <span class='ocrx_word' id='word_1_162' title='bbox 1003 1397 1238 1438; x_wconf 82' lang='lat' dir='ltr'>videretur.</span> 
     </span>
    </p>

    <p class='ocr_par' dir='ltr' id='par_1_3' title="bbox 222 1450 1613 1738">
     <span class='ocr_line' id='line_1_22' title="bbox 279 1450 1611 1511; baseline -0.002 -18"><span class='ocrx_word' id='word_1_163' title='bbox 279 1452 364 1494; x_wconf 85' lang='lat' dir='ltr'>Sed</span> <span class='ocrx_word' id='word_1_164' title='bbox 388 1469 474 1495; x_wconf 90' lang='lat' dir='ltr'>non</span> <span class='ocrx_word' id='word_1_165' title='bbox 498 1455 598 1496; x_wconf 85' lang='lat' dir='ltr'>ideo</span> <span class='ocrx_word' id='word_1_166' title='bbox 619 1455 907 1511; x_wconf 83' lang='lat' dir='ltr'><strong>probaverim,</strong></span> <span class='ocrx_word' id='word_1_167' title='bbox 931 1453 1047 1509; x_wconf 87' lang='lat' dir='ltr'>quod</span> <span class='ocrx_word' id='word_1_168' title='bbox 1071 1454 1236 1495; x_wconf 78' lang='lat' dir='ltr'>factum</span> <span class='ocrx_word' id='word_1_169' title='bbox 1259 1450 1435 1508; x_wconf 76' lang='lat' dir='ltr'>etlego‚</span> <span class='ocrx_word' id='word_1_170' title='bbox 1454 1458 1501 1492; x_wconf 86' lang='lat' dir='ltr'>et</span> <span class='ocrx_word' id='word_1_171' title='bbox 1519 1451 1611 1506; x_wconf 82' lang='lat' dir='ltr'>ipse</span> 
     </span>
     <span class='ocr_line' id='line_1_23' title="bbox 223 1507 1610 1568; baseline 0.001 -20"><span class='ocrx_word' id='word_1_172' title='bbox 223 1507 455 1564; x_wconf 85' lang='lat' dir='ltr'>aliquando</span> <span class='ocrx_word' id='word_1_173' title='bbox 490 1511 598 1562; x_wconf 82' lang='lat' dir='ltr'>vidi,</span> <span class='ocrx_word' id='word_1_174' title='bbox 628 1513 846 1568; x_wconf 77' lang='lat' dir='ltr'>depictam</span> <span class='ocrx_word' id='word_1_175' title='bbox 886 1512 1072 1552; x_wconf 83' lang='lat' dir='ltr'>tabulam</span> <span class='ocrx_word' id='word_1_176' title='bbox 1108 1526 1236 1566; x_wconf 79' lang='lat' dir='ltr'>supra</span> <span class='ocrx_word' id='word_1_177' title='bbox 1271 1512 1336 1561; x_wconf 88' lang='lat' dir='ltr'>(l)</span> <span class='ocrx_word' id='word_1_178' title='bbox 1371 1509 1529 1550; x_wconf 79' lang='lat' dir='ltr'>Jovem</span> <span class='ocrx_word' id='word_1_179' title='bbox 1566 1508 1610 1549; x_wconf 85' lang='lat' dir='ltr'>in</span> 
     </span>
     <span class='ocr_line' id='line_1_24' title="bbox 223 1565 1610 1627; baseline 0 -20"><span class='ocrx_word' id='word_1_180' title='bbox 223 1565 458 1621; x_wconf 78' lang='lat' dir='ltr'>imaginem</span> <span class='ocrx_word' id='word_1_181' title='bbox 484 1569 560 1618; x_wconf 86' lang='lat' dir='ltr'>rei,</span> <span class='ocrx_word' id='word_1_182' title='bbox 593 1571 714 1627; x_wconf 75' lang='lat' dir='ltr'>cujus</span> <span class='ocrx_word' id='word_1_183' title='bbox 735 1568 1117 1624; x_wconf 78' lang='lat' dir='ltr'>atrocitatejudex</span> <span class='ocrx_word' id='word_1_184' title='bbox 1139 1575 1231 1608; x_wconf 85' lang='lat' dir='ltr'>erat</span> <span class='ocrx_word' id='word_1_185' title='bbox 1251 1565 1610 1607; x_wconf 75' lang='lat' dir='ltr'>commovendus.</span> 
     </span>
     <span class='ocr_line' id='line_1_25' title="bbox 222 1621 1613 1681; baseline -0.004 -13"><span class='ocrx_word' id='word_1_186' title='bbox 222 1621 330 1668; x_wconf 80' lang='lat' dir='ltr'>Quae</span> <span class='ocrx_word' id='word_1_187' title='bbox 350 1625 466 1665; x_wconf 89' lang='lat' dir='ltr'>enim</span> <span class='ocrx_word' id='word_1_188' title='bbox 488 1634 553 1665; x_wconf 85' lang='lat' dir='ltr'>est</span> <span class='ocrx_word' id='word_1_189' title='bbox 573 1627 730 1667; x_wconf 85' lang='lat' dir='ltr'>actoris</span> <span class='ocrx_word' id='word_1_190' title='bbox 759 1625 958 1676; x_wconf 82' lang='lat' dir='ltr'>infantia,</span> <span class='ocrx_word' id='word_1_191' title='bbox 988 1625 1061 1681; x_wconf 89' lang='lat' dir='ltr'>qui</span> <span class='ocrx_word' id='word_1_192' title='bbox 1083 1634 1246 1665; x_wconf 76' lang='lat' dir='ltr'>mutam</span> <span class='ocrx_word' id='word_1_193' title='bbox 1280 1622 1393 1663; x_wconf 81' lang='lat' dir='ltr'>illam</span> <span class='ocrx_word' id='word_1_194' title='bbox 1422 1623 1613 1678; x_wconf 84' lang='lat' dir='ltr'>effigiem</span> 
     </span>
     <span class='ocr_line' id='line_1_26' title="bbox 222 1681 1385 1738; baseline 0.001 -18"><span class='ocrx_word' id='word_1_195' title='bbox 222 1681 363 1735; x_wconf 86' lang='lat' dir='ltr'>magis</span> <span class='ocrx_word' id='word_1_196' title='bbox 387 1696 515 1738; x_wconf 85' lang='lat' dir='ltr'>quam</span> <span class='ocrx_word' id='word_1_197' title='bbox 539 1684 776 1732; x_wconf 75' lang='lat' dir='ltr'>orationem</span> <span class='ocrx_word' id='word_1_198' title='bbox 802 1698 879 1738; x_wconf 87' lang='lat' dir='ltr'>pro</span> <span class='ocrx_word' id='word_1_199' title='bbox 901 1697 944 1723; x_wconf 87' lang='lat' dir='ltr'>se</span> <span class='ocrx_word' id='word_1_200' title='bbox 967 1689 1092 1738; x_wconf 82' lang='lat' dir='ltr'>putet</span> <span class='ocrx_word' id='word_1_201' title='bbox 1112 1681 1385 1722; x_wconf 80' lang='lat' dir='ltr'>locuturam?</span> 
     </span>
    </p>

    <p class='ocr_par' dir='ltr' id='par_1_4' title="bbox 222 1735 1618 2302">
     <span class='ocr_line' id='line_1_27' title="bbox 279 1735 1615 1796; baseline -0.002 -18"><span class='ocrx_word' id='word_1_202' title='bbox 279 1737 340 1778; x_wconf 83' lang='lat' dir='ltr'>At</span> <span class='ocrx_word' id='word_1_203' title='bbox 356 1739 519 1789; x_wconf 86' lang='lat' dir='ltr'>sordes,</span> <span class='ocrx_word' id='word_1_204' title='bbox 550 1747 594 1780; x_wconf 84' lang='lat' dir='ltr'>et</span> <span class='ocrx_word' id='word_1_205' title='bbox 615 1741 852 1796; x_wconf 85' lang='lat' dir='ltr'>squalores,</span> <span class='ocrx_word' id='word_1_206' title='bbox 882 1748 925 1780; x_wconf 88' lang='lat' dir='ltr'>et</span> <span class='ocrx_word' id='word_1_207' title='bbox 943 1740 1284 1796; x_wconf 84' lang='lat' dir='ltr'>propinquorum</span> <span class='ocrx_word' id='word_1_208' title='bbox 1301 1750 1474 1793; x_wconf 86' lang='lat' dir='ltr'>quoque</span> <span class='ocrx_word' id='word_1_209' title='bbox 1493 1735 1615 1776; x_wconf 83' lang='lat' dir='ltr'>simi-</span> 
     </span>
     <span class='ocr_line' id='line_1_28' title="bbox 223 1791 1616 1853; baseline -0.004 -15"><span class='ocrx_word' id='word_1_210' title='bbox 223 1791 314 1838; x_wconf 84' lang='lat' dir='ltr'>lem</span> <span class='ocrx_word' id='word_1_211' title='bbox 341 1794 539 1838; x_wconf 80' lang='lat' dir='ltr'>habitum</span> <span class='ocrx_word' id='word_1_212' title='bbox 569 1799 657 1838; x_wconf 83' lang='lat' dir='ltr'>scio</span> <span class='ocrx_word' id='word_1_213' title='bbox 691 1797 918 1853; x_wconf 82' lang='lat' dir='ltr'>profuisse,</span> <span class='ocrx_word' id='word_1_214' title='bbox 950 1804 994 1837; x_wconf 82' lang='lat' dir='ltr'>et</span> <span class='ocrx_word' id='word_1_215' title='bbox 1015 1810 1219 1851; x_wconf 81' lang='lat' dir='ltr'>magnum</span> <span class='ocrx_word' id='word_1_216' title='bbox 1241 1794 1293 1834; x_wconf 84' lang='lat' dir='ltr'>ad</span> <span class='ocrx_word' id='word_1_217' title='bbox 1318 1794 1498 1835; x_wconf 79' lang='lat' dir='ltr'>salutem</span> <span class='ocrx_word' id='word_1_218' title='bbox 1522 1807 1616 1833; x_wconf 88' lang='lat' dir='ltr'>mo·-</span> 
     </span>
     <span class='ocr_line' id='line_1_29' title="bbox 222 1850 1615 1909; baseline -0.006 -12"><span class='ocrx_word' id='word_1_219' title='bbox 222 1861 419 1897; x_wconf 82' lang='lat' dir='ltr'>mentum</span> <span class='ocrx_word' id='word_1_220' title='bbox 450 1868 598 1909; x_wconf 84' lang='lat' dir='ltr'><strong>preces</strong></span> <span class='ocrx_word' id='word_1_221' title='bbox 620 1854 828 1896; x_wconf 82' lang='lat' dir='ltr'>attulisse.</span> <span class='ocrx_word' id='word_1_222' title='bbox 889 1854 1034 1900; x_wconf 81' lang='lat' dir='ltr'><strong>Quare</strong></span> <span class='ocrx_word' id='word_1_223' title='bbox 1062 1861 1106 1894; x_wconf 85' lang='lat' dir='ltr'>et</span> <span class='ocrx_word' id='word_1_224' title='bbox 1129 1852 1370 1893; x_wconf 73' lang='lat' dir='ltr'>obsecratio</span> <span class='ocrx_word' id='word_1_225' title='bbox 1404 1850 1615 1906; x_wconf 49' lang='lat' dir='ltr'>illa-judi-</span> 
     </span>
     <span class='ocr_line' id='line_1_30' title="bbox 222 1906 1614 1967; baseline 0 -19"><span class='ocrx_word' id='word_1_226' title='bbox 222 1921 326 1950; x_wconf 87' lang='lat' dir='ltr'>cum</span> <span class='ocrx_word' id='word_1_227' title='bbox 357 1912 676 1966; x_wconf 24' lang='lat' dir='ltr'>perr-carissima</span> <span class='ocrx_word' id='word_1_228' title='bbox 706 1912 906 1967; x_wconf 79' lang='lat' dir='ltr'>pignora,</span> <span class='ocrx_word' id='word_1_229' title='bbox 955 1912 1104 1966; x_wconf 88' lang='lat' dir='ltr'>utique</span> <span class='ocrx_word' id='word_1_230' title='bbox 1128 1910 1161 1950; x_wconf 85' lang='lat' dir='ltr'>si</span> <span class='ocrx_word' id='word_1_231' title='bbox 1185 1918 1230 1950; x_wconf 73' lang='lat' dir='ltr'>et</span> <span class='ocrx_word' id='word_1_232' title='bbox 1258 1923 1332 1949; x_wconf 84' lang='lat' dir='ltr'>reo</span> <span class='ocrx_word' id='word_1_233' title='bbox 1355 1908 1441 1949; x_wconf 86' lang='lat' dir='ltr'>sint</span> <span class='ocrx_word' id='word_1_234' title='bbox 1470 1906 1614 1957; x_wconf 83' lang='lat' dir='ltr'>liberi,</span> 
     </span>
     <span class='ocr_line' id='line_1_31' title="bbox 224 1965 1612 2024; baseline -0.004 -16"><span class='ocrx_word' id='word_1_235' title='bbox 224 1966 404 2022; x_wconf 82' lang='lat' dir='ltr'>conjux,</span> <span class='ocrx_word' id='word_1_236' title='bbox 436 1976 652 2024; x_wconf 84' lang='lat' dir='ltr'>parentes,</span> <span class='ocrx_word' id='word_1_237' title='bbox 684 1969 799 2010; x_wconf 87' lang='lat' dir='ltr'>utilis</span> <span class='ocrx_word' id='word_1_238' title='bbox 822 1970 926 2010; x_wconf 85' lang='lat' dir='ltr'>erit:</span> <span class='ocrx_word' id='word_1_239' title='bbox 972 1976 1016 2018; x_wconf 80' lang='lat' dir='ltr'>et</span> <span class='ocrx_word' id='word_1_240' title='bbox 1038 1967 1215 2008; x_wconf 85' lang='lat' dir='ltr'>deorum</span> <span class='ocrx_word' id='word_1_241' title='bbox 1238 1967 1369 2007; x_wconf 75' lang='lat' dir='ltr'>etiam</span> <span class='ocrx_word' id='word_1_242' title='bbox 1392 1965 1612 2005; x_wconf 80' lang='lat' dir='ltr'>invocatio</span> 
     </span>
     <span class='ocr_line' id='line_1_32' title="bbox 222 2022 1614 2081; baseline -0.001 -18"><span class='ocrx_word' id='word_1_243' title='bbox 222 2022 346 2070; x_wconf 69' lang='lat' dir='ltr'>velut.</span> <span class='ocrx_word' id='word_1_244' title='bbox 366 2037 420 2065; x_wconf 84' lang='lat' dir='ltr'>ex</span> <span class='ocrx_word' id='word_1_245' title='bbox 446 2026 559 2066; x_wconf 86' lang='lat' dir='ltr'>bona</span> <span class='ocrx_word' id='word_1_246' title='bbox 579 2026 845 2067; x_wconf 80' lang='lat' dir='ltr'>conscientia</span> <span class='ocrx_word' id='word_1_247' title='bbox 878 2026 1072 2081; x_wconf 77' lang='lat' dir='ltr'>profecta</span> <span class='ocrx_word' id='word_1_248' title='bbox 1096 2024 1230 2064; x_wconf 73' lang='lat' dir='ltr'>videri</span> <span class='ocrx_word' id='word_1_249' title='bbox 1263 2023 1398 2064; x_wconf 83' lang='lat' dir='ltr'>solet:</span> <span class='ocrx_word' id='word_1_250' title='bbox 1431 2029 1614 2062; x_wconf 82' lang='lat' dir='ltr'>stratum</span> 
     </span>
     <span class='ocr_line' id='line_1_33' title="bbox 225 2078 1617 2138; baseline -0.001 -18"><span class='ocrx_word' id='word_1_251' title='bbox 225 2078 592 2137; x_wconf 84' lang='lat' dir='ltr'>deniquejacere,</span> <span class='ocrx_word' id='word_1_252' title='bbox 625 2093 668 2124; x_wconf 88' lang='lat' dir='ltr'>et</span> <span class='ocrx_word' id='word_1_253' title='bbox 688 2098 830 2138; x_wconf 85' lang='lat' dir='ltr'>genua</span> <span class='ocrx_word' id='word_1_254' title='bbox 852 2082 1113 2137; x_wconf 78' lang='lat' dir='ltr'>complecti3</span> <span class='ocrx_word' id='word_1_255' title='bbox 1147 2081 1228 2120; x_wconf 87' lang='lat' dir='ltr'>nisi</span> <span class='ocrx_word' id='word_1_256' title='bbox 1253 2087 1399 2120; x_wconf 83' lang='lat' dir='ltr'>tamen</span> <span class='ocrx_word' id='word_1_257' title='bbox 1430 2093 1617 2135; x_wconf 72' lang='lat' dir='ltr'>persona.</span> 
     </span>
     <span class='ocr_line' id='line_1_34' title="bbox 223 2135 1618 2193; baseline -0.001 -17"><span class='ocrx_word' id='word_1_258' title='bbox 223 2150 306 2177; x_wconf 87' lang='lat' dir='ltr'>nos</span> <span class='ocrx_word' id='word_1_259' title='bbox 327 2147 373 2179; x_wconf 82' lang='lat' dir='ltr'>et</span> <span class='ocrx_word' id='word_1_260' title='bbox 392 2147 592 2181; x_wconf 81' lang='lat' dir='ltr'>anteacta</span> <span class='ocrx_word' id='word_1_261' title='bbox 622 2141 726 2190; x_wconf 83' lang='lat' dir='ltr'>vita,</span> <span class='ocrx_word' id='word_1_262' title='bbox 757 2147 803 2181; x_wconf 86' lang='lat' dir='ltr'>et</span> <span class='ocrx_word' id='word_1_263' title='bbox 835 2140 894 2181; x_wconf 86' lang='lat' dir='ltr'>rei</span> <span class='ocrx_word' id='word_1_264' title='bbox 927 2138 1125 2180; x_wconf 83' lang='lat' dir='ltr'>conditio</span> <span class='ocrx_word' id='word_1_265' title='bbox 1158 2135 1424 2193; x_wconf 75' lang='lat' dir='ltr'>prohibebit.</span> <span class='ocrx_word' id='word_1_266' title='bbox 1485 2136 1618 2180; x_wconf 57' lang='lat' dir='ltr'>Quae-</span> 
     </span>
     <span class='ocr_line' id='line_1_35' title="bbox 225 2191 1618 2252; baseline -0.004 -15"><span class='ocrx_word' id='word_1_267' title='bbox 225 2193 328 2237; x_wconf 79' lang='lat' dir='ltr'>dam</span> <span class='ocrx_word' id='word_1_268' title='bbox 355 2196 470 2237; x_wconf 80' lang='lat' dir='ltr'>enim</span> <span class='ocrx_word' id='word_1_269' title='bbox 494 2203 578 2238; x_wconf 77' lang='lat' dir='ltr'>tam</span> <span class='ocrx_word' id='word_1_270' title='bbox 602 2196 771 2238; x_wconf 85' lang='lat' dir='ltr'>fortiter</span> <span class='ocrx_word' id='word_1_271' title='bbox 806 2197 967 2238; x_wconf 86' lang='lat' dir='ltr'>tuenda</span> <span class='ocrx_word' id='word_1_272' title='bbox 993 2211 1119 2252; x_wconf 79' lang='lat' dir='ltr'>quam</span> <span class='ocrx_word' id='word_1_273' title='bbox 1146 2195 1262 2244; x_wconf 80' lang='lat' dir='ltr'>facta</span> <span class='ocrx_word' id='word_1_274' title='bbox 1283 2200 1396 2234; x_wconf 82' lang='lat' dir='ltr'>sunt.</span> <span class='ocrx_word' id='word_1_275' title='bbox 1454 2191 1618 2233; x_wconf 80' lang='lat' dir='ltr'>Verum</span> 
     </span>
     <span class='ocr_line' id='line_1_36' title="bbox 224 2249 1588 2302; baseline -0.001 -11"><span class='ocrx_word' id='word_1_276' title='bbox 224 2249 289 2291; x_wconf 83' lang='lat' dir='ltr'>sic</span> <span class='ocrx_word' id='word_1_277' title='bbox 310 2259 376 2292; x_wconf 78' lang='lat' dir='ltr'>est</span> <span class='ocrx_word' id='word_1_278' title='bbox 400 2252 598 2296; x_wconf 79' lang='lat' dir='ltr'>habenda</span> <span class='ocrx_word' id='word_1_279' title='bbox 620 2254 889 2296; x_wconf 80' lang='lat' dir='ltr'>auctoritatis</span> <span class='ocrx_word' id='word_1_280' title='bbox 906 2253 1033 2302; x_wconf 74' lang='lat' dir='ltr'>ratio,</span> <span class='ocrx_word' id='word_1_281' title='bbox 1064 2267 1119 2293; x_wconf 89' lang='lat' dir='ltr'>ne</span> <span class='ocrx_word' id='word_1_282' title='bbox 1142 2253 1198 2292; x_wconf 83' lang='lat' dir='ltr'>sit</span> <span class='ocrx_word' id='word_1_283' title='bbox 1215 2251 1350 2295; x_wconf 75' lang='lat' dir='ltr'>invisa</span> <span class='ocrx_word' id='word_1_284' title='bbox 1367 2250 1588 2290; x_wconf 73' lang='lat' dir='ltr'>securitas.</span> 
     </span>
    </p>

    <p class='ocr_par' dir='ltr' id='par_1_5' title="bbox 227 2306 1618 2708">
     <span class='ocr_line' id='line_1_37' title="bbox 285 2306 1615 2366; baseline -0.002 -17"><span class='ocrx_word' id='word_1_285' title='bbox 285 2306 387 2350; x_wconf 84' lang='lat' dir='ltr'>Fuit</span> <span class='ocrx_word' id='word_1_286' title='bbox 407 2311 628 2365; x_wconf 83' lang='lat' dir='ltr'>quondam</span> <span class='ocrx_word' id='word_1_287' title='bbox 649 2312 760 2352; x_wconf 85' lang='lat' dir='ltr'>inter</span> <span class='ocrx_word' id='word_1_288' title='bbox 782 2311 876 2353; x_wconf 84' lang='lat' dir='ltr'>haec</span> <span class='ocrx_word' id='word_1_289' title='bbox 897 2311 1044 2352; x_wconf 82' lang='lat' dir='ltr'>omnia</span> <span class='ocrx_word' id='word_1_290' title='bbox 1063 2309 1413 2366; x_wconf 77' lang='lat' dir='ltr'>potentissimum</span> <span class='ocrx_word' id='word_1_291' title='bbox 1436 2306 1497 2357; x_wconf 81' lang='lat' dir='ltr'>id,</span> <span class='ocrx_word' id='word_1_292' title='bbox 1528 2321 1615 2361; x_wconf 89' lang='lat' dir='ltr'>quo</span> 
     </span>
     <span class='ocr_line' id='line_1_38' title="bbox 228 2362 1617 2416; baseline -0.001 -11"><span class='ocrx_word' id='word_1_293' title='bbox 228 2362 412 2413; x_wconf 86' lang='lat' dir='ltr'>Lucium</span> <span class='ocrx_word' id='word_1_294' title='bbox 447 2366 680 2416; x_wconf 73' lang='lat' dir='ltr'>Murenam</span> <span class='ocrx_word' id='word_1_295' title='bbox 713 2368 869 2410; x_wconf 88' lang='lat' dir='ltr'>Cicero</span> <span class='ocrx_word' id='word_1_296' title='bbox 900 2366 1204 2410; x_wconf 80' lang='lat' dir='ltr'>accusantibus</span> <span class='ocrx_word' id='word_1_297' title='bbox 1235 2364 1484 2415; x_wconf 77' lang='lat' dir='ltr'>clarissimis</span> <span class='ocrx_word' id='word_1_298' title='bbox 1513 2363 1617 2404; x_wconf 82' lang='lat' dir='ltr'>viris</span> 
     </span>
     <span class='ocr_line' id='line_1_39' title="bbox 227 2419 1615 2480; baseline -0.003 -17"><span class='ocrx_word' id='word_1_299' title='bbox 227 2420 435 2477; x_wconf 76' lang='lat' dir='ltr'>eripuisse</span> <span class='ocrx_word' id='word_1_300' title='bbox 457 2425 675 2480; x_wconf 75' lang='lat' dir='ltr'>praecipue</span> <span class='ocrx_word' id='word_1_301' title='bbox 697 2425 882 2467; x_wconf 80' lang='lat' dir='ltr'>videtur.</span> <span class='ocrx_word' id='word_1_302' title='bbox 944 2424 1164 2465; x_wconf 82' lang='lat' dir='ltr'>Persuasit</span> <span class='ocrx_word' id='word_1_303' title='bbox 1184 2421 1300 2463; x_wconf 87' lang='lat' dir='ltr'>enim</span> <span class='ocrx_word' id='word_1_304' title='bbox 1322 2420 1430 2462; x_wconf 83' lang='lat' dir='ltr'>nihil</span> <span class='ocrx_word' id='word_1_305' title='bbox 1451 2434 1542 2464; x_wconf 82' lang='lat' dir='ltr'>esse</span> <span class='ocrx_word' id='word_1_306' title='bbox 1559 2419 1615 2473; x_wconf 76' lang='lat' dir='ltr'>acl</span> 
     </span>
     <span class='ocr_line' id='line_1_40' title="bbox 228 2476 1613 2536; baseline -0.001 -18"><span class='ocrx_word' id='word_1_307' title='bbox 228 2489 489 2531; x_wconf 85' lang='lat' dir='ltr'>praesentem</span> <span class='ocrx_word' id='word_1_308' title='bbox 525 2497 667 2523; x_wconf 84' lang='lat' dir='ltr'>rerum</span> <span class='ocrx_word' id='word_1_309' title='bbox 701 2490 862 2524; x_wconf 83' lang='lat' dir='ltr'>statum</span> <span class='ocrx_word' id='word_1_310' title='bbox 892 2481 1057 2530; x_wconf 69' lang='lat' dir='ltr'>utilius,</span> <span class='ocrx_word' id='word_1_311' title='bbox 1088 2494 1219 2536; x_wconf 84' lang='lat' dir='ltr'>quam</span> <span class='ocrx_word' id='word_1_312' title='bbox 1250 2478 1391 2534; x_wconf 85' lang='lat' dir='ltr'>pridie</span> <span class='ocrx_word' id='word_1_313' title='bbox 1431 2476 1613 2518; x_wconf 82' lang='lat' dir='ltr'>Calend.</span> 
     </span>
     <span class='ocr_line' id='line_1_41' title="bbox 227 2533 1617 2593; baseline 0 -19"><span class='ocrx_word' id='word_1_314' title='bbox 227 2533 456 2584; x_wconf 71' lang='lat' dir='ltr'>,Ianuarias</span> <span class='ocrx_word' id='word_1_315' title='bbox 478 2538 646 2593; x_wconf 76' lang='lat' dir='ltr'>ingredi</span> <span class='ocrx_word' id='word_1_316' title='bbox 674 2539 956 2580; x_wconf 85' lang='lat' dir='ltr'>consulatum.</span> <span class='ocrx_word' id='word_1_317' title='bbox 1018 2537 1148 2584; x_wconf 73' lang='lat' dir='ltr'>Quod</span> <span class='ocrx_word' id='word_1_318' title='bbox 1172 2550 1307 2592; x_wconf 83' lang='lat' dir='ltr'>genus</span> <span class='ocrx_word' id='word_1_319' title='bbox 1330 2534 1484 2575; x_wconf 85' lang='lat' dir='ltr'>nostris</span> <span class='ocrx_word' id='word_1_320' title='bbox 1508 2541 1617 2584; x_wconf 76' lang='lat' dir='ltr'>tern-</span> 
     </span>
     <span class='ocr_line' id='line_1_42' title="bbox 230 2591 1617 2651; baseline -0.002 -19"><span class='ocrx_word' id='word_1_321' title='bbox 230 2591 408 2645; x_wconf 89' lang='lat' dir='ltr'>poribus</span> <span class='ocrx_word' id='word_1_322' title='bbox 431 2600 570 2635; x_wconf 84' lang='lat' dir='ltr'>totum</span> <span class='ocrx_word' id='word_1_323' title='bbox 592 2610 702 2651; x_wconf 86' lang='lat' dir='ltr'>pene</span> <span class='ocrx_word' id='word_1_324' title='bbox 724 2595 940 2638; x_wconf 81' lang='lat' dir='ltr'>sublatum</span> <span class='ocrx_word' id='word_1_325' title='bbox 964 2601 1044 2644; x_wconf 79' lang='lat' dir='ltr'>est,</span> <span class='ocrx_word' id='word_1_326' title='bbox 1077 2608 1176 2634; x_wconf 84' lang='lat' dir='ltr'>cum</span> <span class='ocrx_word' id='word_1_327' title='bbox 1198 2592 1344 2633; x_wconf 84' lang='lat' dir='ltr'>omnia</span> <span class='ocrx_word' id='word_1_328' title='bbox 1365 2605 1480 2631; x_wconf 84' lang='lat' dir='ltr'>curae</span> <span class='ocrx_word' id='word_1_329' title='bbox 1502 2597 1617 2630; x_wconf 81' lang='lat' dir='ltr'>tute-</span> 
     </span>
     <span class='ocr_line' id='line_1_43' title="bbox 230 2646 1618 2708; baseline -0.001 -20"><span class='ocrx_word' id='word_1_330' title='bbox 230 2647 373 2702; x_wconf 74' lang='lat' dir='ltr'>laeque</span> <span class='ocrx_word' id='word_1_331' title='bbox 394 2651 520 2691; x_wconf 85' lang='lat' dir='ltr'>unius</span> <span class='ocrx_word' id='word_1_332' title='bbox 541 2652 690 2693; x_wconf 85' lang='lat' dir='ltr'>innixa</span> <span class='ocrx_word' id='word_1_333' title='bbox 720 2651 953 2708; x_wconf 81' lang='lat' dir='ltr'>periclitari</span> <span class='ocrx_word' id='word_1_334' title='bbox 986 2650 1106 2691; x_wconf 83' lang='lat' dir='ltr'>nullo</span> <span class='ocrx_word' id='word_1_335' title='bbox 1121 2649 1279 2706; x_wconf 82' lang='lat' dir='ltr'>judicii</span> <span class='ocrx_word' id='word_1_336' title='bbox 1298 2648 1418 2688; x_wconf 74' lang='lat' dir='ltr'>exitu</span> <span class='ocrx_word' id='word_1_337' title='bbox 1435 2646 1618 2703; x_wconf 54' lang='lat' dir='ltr'>possintY</span> 
     </span>
    </p>

    <p class='ocr_par' dir='ltr' id='par_1_6' title="bbox 286 2702 1615 2763">
     <span class='ocr_line' id='line_1_44' title="bbox 286 2702 1615 2763; baseline -0.002 -16"><span class='ocrx_word' id='word_1_338' title='bbox 286 2703 358 2747; x_wconf 85' lang='lat' dir='ltr'>De</span> <span class='ocrx_word' id='word_1_339' title='bbox 379 2709 698 2761; x_wconf 79' lang='lat' dir='ltr'>accusathibus</span> <span class='ocrx_word' id='word_1_340' title='bbox 722 2718 766 2763; x_wconf 79' lang='lat' dir='ltr'>et</span> <span class='ocrx_word' id='word_1_341' title='bbox 792 2710 874 2751; x_wconf 85' lang='lat' dir='ltr'>reis</span> <span class='ocrx_word' id='word_1_342' title='bbox 895 2723 990 2759; x_wconf 82' lang='lat' dir='ltr'>sum</span> <span class='ocrx_word' id='word_1_343' title='bbox 1010 2708 1194 2758; x_wconf 78' lang='lat' dir='ltr'>locutus,</span> <span class='ocrx_word' id='word_1_344' title='bbox 1226 2705 1327 2761; x_wconf 80' lang='lat' dir='ltr'>quia</span> <span class='ocrx_word' id='word_1_345' title='bbox 1346 2704 1391 2745; x_wconf 88' lang='lat' dir='ltr'>in</span> <span class='ocrx_word' id='word_1_346' title='bbox 1413 2702 1615 2760; x_wconf 82' lang='lat' dir='ltr'>periculis</span> 
     </span>
    </p>
   </div>
   <div class='ocr_carea' id='block_1_3' title="bbox 231 2841 1620 2936">
    <p class='ocr_par' dir='ltr' id='par_1_7' title="bbox 231 2841 1620 2936">
     <span class='ocr_line' id='line_1_45' title="bbox 276 2841 1620 2888; baseline 0 -13"><span class='ocrx_word' id='word_1_347' title='bbox 276 2844 330 2883; x_wconf 85' lang='lat'>(1)</span> <span class='ocrx_word' id='word_1_348' title='bbox 354 2843 394 2875; x_wconf 82' lang='lat' dir='ltr'>In</span> <span class='ocrx_word' id='word_1_349' title='bbox 419 2844 490 2876; x_wconf 77' lang='lat' dir='ltr'>foro</span> <span class='ocrx_word' id='word_1_350' title='bbox 513 2847 662 2876; x_wconf 83' lang='lat' dir='ltr'>Romano</span> <span class='ocrx_word' id='word_1_351' title='bbox 686 2849 798 2879; x_wconf 78' lang='lat' dir='ltr'>statua</span> <span class='ocrx_word' id='word_1_352' title='bbox 818 2846 908 2878; x_wconf 68' lang='lat' dir='ltr'>,Iovis</span> <span class='ocrx_word' id='word_1_353' title='bbox 933 2849 1005 2877; x_wconf 74' lang='lat' dir='ltr'>erat</span> <span class='ocrx_word' id='word_1_354' title='bbox 1032 2845 1152 2886; x_wconf 79' lang='lat' dir='ltr'>posita,</span> <span class='ocrx_word' id='word_1_355' title='bbox 1174 2847 1215 2876; x_wconf 79' lang='lat' dir='ltr'>ut</span> <span class='ocrx_word' id='word_1_356' title='bbox 1230 2853 1271 2876; x_wconf 82' lang='lat' dir='ltr'>ex</span> <span class='ocrx_word' id='word_1_357' title='bbox 1294 2841 1446 2876; x_wconf 77' lang='lat' dir='ltr'>Numinis</span> <span class='ocrx_word' id='word_1_358' title='bbox 1461 2841 1620 2888; x_wconf 55' lang='lat' dir='ltr'>religione</span> 
     </span>
     <span class='ocr_line' id='line_1_46' title="bbox 231 2889 1468 2936; baseline 0.001 -16"><span class='ocrx_word' id='word_1_359' title='bbox 231 2889 516 2936; x_wconf 57' lang='lat' dir='ltr'>sanctiusjudices</span> <span class='ocrx_word' id='word_1_360' title='bbox 531 2891 730 2934; x_wconf 70' lang='lat' dir='ltr'>sententiam</span> <span class='ocrx_word' id='word_1_361' title='bbox 741 2891 874 2924; x_wconf 77' lang='lat' dir='ltr'>ferrent.</span> <span class='ocrx_word' id='word_1_362' title='bbox 923 2890 1018 2934; x_wconf 66' lang='lat' dir='ltr'>ium.</span> <span class='ocrx_word' id='word_1_363' title='bbox 1463 2904 1468 2908; x_wconf 94' lang='lat'><em>-</em></span> 
     </span>
    </p>
   </div>
  </div>
 </body>
</html>
