2015 3341
495 108 552 156 66
925 128 1018 160 1:11³.
1053 126 1107 160 11.
1171 128 1278 159 CAP.
1312 131 1456 161 xvni.

497 234 666 277 semper
685 235 781 262 vera
804 222 879 264 sit:
907 222 1135 262 rhetoricen
1159 222 1353 262 assentiri
1375 221 1485 262 falsis
1504 237 1512 262 :
1537 236 1621 262 non
1640 236 1730 262 csse
1754 221 1885 278 igitur

496 287 648 318 artem.
709 278 805 333 Ego
847 278 1079 318 rhetoricen
1121 293 1426 332 nonnunquam
1471 279 1613 319 dicere
1652 279 1758 320 falsa
1808 293 1883 334 pro

497 334 607 374 veris
628 335 897 385 confitebor3
930 335 1003 375 sed
1024 349 1108 374 non
1129 335 1228 375 ideo
1252 336 1294 375 in
1318 334 1424 375 falsa
1444 349 1615 389 quoque
1633 349 1723 376 esse
1745 336 1885 390 opini-

497 403 582 429 one
604 390 870 431 concedam:
903 391 1004 446 quia
1025 391 1156 446 longe
1179 391 1394 432 diversum
1411 399 1491 440 est,
1516 392 1594 446 ipsi
1612 392 1713 446 quid
1732 393 1883 441 videri,

497 453 543 485 et
564 453 612 486 ut
631 447 701 487 alii
721 448 916 488 videatur
934 448 1120 489 efficere.
1181 447 1293 488 Nam
1312 458 1354 488 et
1373 448 1605 503 imperator
1619 448 1735 489 falsis
1751 450 1885 489 utitur

499 517 637 557 saepe3
672 512 717 543 ut
734 504 940 553 Annibal,
972 520 1068 545 cum
1094 503 1284 545 inclusus
1306 521 1331 544 11
1352 505 1508 554 Fabio,
1527 507 1750 545 sarmentis
1772 506 1885 546 circa

497 573 660 599 cornua
698 561 828 601 boum
861 561 1079 617 deligatis,
1112 561 1402 616 incensisque,
1428 576 1503 616 per
1539 572 1709 601 noctem
1741 563 1783 602 in
1811 563 1886 602 ad-

500 629 643 656 versos
663 627 830 657 montes
851 632 984 673 agens
1005 627 1214 667 armenta,
1247 618 1435 673 speciem
1459 618 1571 658 hosti
1593 619 1791 658 abeuntis
1813 633 1887 659 ex-

499 674 656 713 ereitus
679 674 822 714 dedit:
856 674 930 715 sed
968 675 1088 715 illum
1118 674 1296 725 fefellit;
1330 675 1436 730 ipse,
1465 674 1568 730 quid
1593 689 1739 715 verum
1761 683 1888 726 esset,

498 742 585 770 non
621 731 852 786 ignoravit.
914 732 1007 772 Nec
1039 746 1142 772 vero
1173 731 1480 787 Theopompus
1514 731 1887 783 Lacedaemonius,

500 800 597 826 cum
633 796 877 842 permutato
909 804 1007 829 cum
1040 802 1174 829 uxore
1208 788 1359 829 habitu
1393 803 1416 828 e
1449 788 1647 829 custodia
1667 797 1715 828 ut
1735 788 1889 830 mulier

499 844 651 893 evasit,
685 844 836 885 falsam
867 845 919 885 de
957 860 999 885 se
1032 845 1282 900 opinionem
1318 845 1486 894 habuit,
1519 845 1592 885 sed
1635 847 1887 886 custodibus

498 901 701 954 prmaebuit
761 901 870 943 Item
913 910 1073 951 orator,
1105 916 1204 942 eum
1240 901 1349 942 falso
1381 902 1516 942 utitur
1549 917 1626 957 pro
1658 916 1776 951 vero,
1809 903 1889 944 scit

499 970 592 997 esse
612 958 784 1008 falsum,
807 972 944 1013 eoque
967 974 1009 999 se
1033 973 1108 1014 pio
1127 973 1229 999 velo
1251 959 1338 1000 uti:
1364 973 1449 999 non
1469 958 1736 1013 e1grofalsam
1756 959 1888 1000 habet

500 1013 592 1068 ipse
627 1016 894 1070 opinionem,
926 1015 999 1055 sed
1037 1015 1151 1055 fallit
1185 1015 1329 1056 alium.
1391 1015 1485 1055 Nec
1517 1002 1691 1064 Cicero,
1723 1031 1820 1057 cum
1844 1031 1887 1057 se

500 1072 698 1112 tenebras
722 1072 1181 1127 offudissejudicibus
1174 1086 1215 1112 m
1230 1086 1357 1112 causa
1371 1072 1559 1112 Cluentii
1581 1072 1786 1127 gloriatus
1808 1084 1890 1123 est,

500 1127 608 1167 nihil
634 1130 722 1183 ipse
746 1129 872 1169 vidit.
933 1129 988 1169 Et
1018 1129 1175 1184 pictor,
1206 1143 1305 1169 cum
1334 1129 1375 1168 vi
1410 1129 1512 1168 artis
1541 1144 1627 1169 suae
1661 1129 1809 1180 efficit,
1841 1138 1889 1171 ut

497 1184 699 1238 quaedam
719 1186 911 1225 eminere
931 1186 975 1225 111
995 1200 1141 1240 opere,
1163 1185 1364 1239 quaedam
1385 1185 1622 1235 recessisse,
1644 1186 1888 1238 credamus,

500 1240 593 1296 ipse
615 1255 666 1281 ea
684 1242 809 1305 plana
829 1256 920 1282 esse
944 1256 1029 1281 non
1053 1242 1205 1282 nescit.

556 1297 693 1338 Aiunt
713 1300 860 1348 eti-am,
892 1313 1042 1338 omnes
1074 1307 1184 1338 artes
1217 1296 1375 1338 babere
1406 1297 1538 1339 finem
1571 1298 1756 1354 aliquem
1791 1314 1891 1365 pro-

497 1355 706 1409 positum,
737 1355 791 1396 ad
824 1370 952 1410 quem
987 1355 1101 1395 tend·
1094 1363 1188 1395 tuit:
1221 1353 1336 1395 hunc
1363 1355 1496 1395 modo
1529 1356 1696 1396 nullum
1726 1370 1818 1397 esse
1846 1358 1894 1399 irr

497 1410 730 1462 rhetorice,
752 1414 885 1452 modo
910 1427 993 1452 non
1013 1422 1153 1467 praest'
1145 1411 1205 1452 ι111
1222 1426 1317 1452 eum
1337 1412 1409 1466 qui
1433 1413 1723 1467 promittatur.
1757 1413 1890 1455 Men-

498 1468 686 1509 tiuntur:
720 1483 798 1510 nos
832 1470 947 1509 enim
982 1483 1073 1510 esse
1111 1468 1242 1509 finem
1271 1468 1366 1524 jam
1397 1469 1680 1519 ostendimus,
1710 1478 1754 1511 et
1794 1471 1889 1526 quis

499 1533 612 1565 esset
644 1525 848 1566 diximus,
911 1526 1143 1567 Praestabit
1174 1526 1290 1566 hune
1323 1539 1491 1581 semper
1523 1535 1688 1568 orator:
1721 1542 1890 1583 semper

498 1583 616 1622 enim
640 1582 737 1623 bene
759 1583 1137 1624 dicet.Fi1mu111
1170 1591 1316 1623 autem
1349 1581 1449 1632 hoc,
1481 1583 1597 1638 quod
1637 1584 1888 1639 opponitur,

499 1638 702 1680 2⁷·1dxe1sus
720 1654 793 1680 eos
815 1640 994 1680 tortasse
1016 1640 1086 1688 sit,
1103 1639 1444 1694 quipersuadere
1460 1639 1588 1680 finem
1611 1650 1888 1707 putaver.unt

501 1695 662 1737 Noster
684 1706 1046 1751 orat01‚‹·usque,
1074 1712 1100 1736 a
1132 1697 1256 1737 nobis
1288 1696 1426 1746 finita,
1459 1710 1546 1736 non
1580 1708 1644 1738 est
1672 1698 1813 1754 posita
1846 1700 1892 1741 in

499 1761 675 1793 eventu.
734 1753 895 1794 Tendit
911 1753 1086 1809 quidem
1115 1753 1167 1793 ad
1193 1753 1420 1794 victori-am·
1436 1754 1508 1808 qui
1531 1754 1662 1795 dicit:
1696 1755 1769 1796 sed
1789 1770 1888 1797 cum

499 1810 612 1849 bene
635 1810 764 1858 dixit,
795 1811 926 1851 etiam
950 1825 980 1850 51
1003 1825 1089 1851 11011
1110 1810 1273 1860 vineat,
1302 1810 1345 1850 id
1379 1810 1494 1864 quod
1530 1819 1620 1852 alte
1641 1813 1890 1853 continetur

499 1866 661 1907 effecit.
724 1868 838 1908 Nam
865 1875 907 1907 et
929 1867 1192 1922 gubernator
1224 1866 1314 1908 vult
1344 1867 1462 1907 salva
1491 1882 1600 1908 iia-ve
1637 1868 1681 1908 in
1716 1878 1891 1924 portum

500 1924 748 1988 peuenire3
782 1925 814 1965 si
839 1933 979 1964 tamen
1005 1932 1260 1979 tempestate
1279 1923 1408 1965 fuerit
1429 1925 1648 1978 abreptus,
1679 1940 1764 1967 non
1788 1926 1888 1967 ideo

500 1995 643 2021 111111115
670 1982 749 2021 erit
782 1983 1060 2036 guber-(nitor,
1094 1981 1295 2036 dicetque
1332 1988 1484 2021 notum
1515 1980 1641 2033 illud,
1673 1985 1737 2034 (l)
1773 1982 1892 2025 Dum

502 2036 667 2078 cla-cnm
691 2026 845 2079 iectimz
863 2045 1051 2079 taleam.-
1084 2047 1128 2077 et
1150 2038 1343 2079 medicus
1366 2039 1593 2079 sanitatem
1616 2040 1721 2095 aegii
1755 2042 1889 2095 petit3

503 2095 537 2134 si
563 2103 704 2135 tamen
724 2103 797 2135 aut
813 2095 1073 2136 xaletudinis
1091 2095 1148 2143 vi,
1170 2103 1245 2135 aut:
1261 2095 1593 2149 intemperantia
1609 2096 1731 2152 aegri,
1753 2097 1890 2138 aliove

502 2165 589 2206 quo
601 2167 717 2202 cusu,
732 2166 898 2192 summa
917 2167 1001 2192 non
1018 2152 1249 2207 contingit,
1266 2151 1394 2192 (lum
1386 2166 1476 2207 ipse
1491 2153 1637 2193 omnia
1653 2154 1891 2196 secundum

501 2222 522 2248 1·
525 2209 715 2249 ationem
736 2209 901 2259 fecerit,
934 2208 1164 2249 medicinae
1171 2198 1271 2249 fine
1292 2223 1378 2248 nou
1401 2209 1581 2250 excidit.
1642 2209 1710 2250 Ita
1731 2212 1892 2252 oratori

505 2264 602 2305 bene
625 2266 760 2306 dicere
790 2267 885 2306 finis
922 2274 1000 2306 est.
1064 2266 1100 2306 K
1110 2280 1178 2305 11111
1207 2275 1272 2306 est
1304 2280 1369 2305 ais
1400 2279 1465 2314 611,
1498 2275 1545 2307 ut
1582 2274 1680 2321 post
1714 2267 1890 2322 paulum

504 2322 661 2363 clunis
681 2324 978 2371 ostendemus,
1006 2322 1048 2362 in
1083 2329 1181 2363 actu
1213 2321 1368 2378 posita,
1401 2337 1491 2362 non
1522 2323 1569 2362 in
1599 2322 1761 2379 effectu.
1824 2324 1893 2365 Ita

504 2379 658 2420 falsum
704 2380 786 2419 erit
829 2379 931 2420 iliud
976 2394 1162 2434 quoque,
1214 2378 1328 2434 quod
1378 2378 1557 2420 dicitur:
1610 2380 1739 2421 Alces
1788 2382 1892 2423 scire

507 2438 674 2492 quaudo
706 2437 789 2476 sint
805 2436 941 2490 finem
964 2443 1212 2484 consecutae,-
1246 2436 1482 2477 rhetoricen
1509 2437 1691 2478 nescirte
1725 2452 1825 2478 nam
1847 2453 1891 2479 se

505 2494 685 2549 quisque
709 2495 818 2534 bene
841 2493 984 2533 dicere
1007 2493 1224 2547 intelligit.

563 2550 640 2590 'Uti
672 2551 801 2591 etiam
825 2550 941 2590 vitiis
972 2549 1232 2599 rhetoricen,
1264 2549 1380 2605 quod
1404 2564 1469 2590 ars
1492 2550 1608 2594 nulla
1629 2550 1776 2601 faciat,
1807 2552 1891 2592 cri-

507 2608 724 2648 minantur
741 2624 749 2648 :
782 2607 881 2663 quia
901 2615 944 2648 et
961 2607 1114 2647 falsum
1138 2607 1269 2658 dicat,
1291 2614 1335 2648 et
1353 2607 1533 2648 affectus
1552 2617 1738 2650 moveat.
1769 2608 1892 2653 Quo-

552 2759 602 2797 (li
624 2758 766 2788 Videtur
776 2756 1021 2786 hemistichium
1041 2765 1057 2784 e
1073 2758 1170 2793 poeta
1182 2753 1336 2792 quopiam
1355 2756 1512 2784 sumtum.
1560 2753 1716 2784 Nonnulli
1731 2753 1839 2784 citant
1851 2764 1894 2789 ex

508 2804 627 2835 Ennio:
654 2802 739 2833 Dum
749 2801 863 2832 ci'cwwn
881 2806 990 2832 rectum
1007 2804 1132 2838 teneam,
1159 2798 1315 2839 naz-imque
1328 2797 1501 2838 gubernem.
1550 2798 1639 2829 Erus.
1657 2799 1689 2829 in
1703 2798 1808 2839 Adag.
