2015 3341
597 158 658 204 im
692 156 1043 204 GRAMMAricm
1492 154 1542 203 1?

213 255 362 311 Nunc,
390 260 544 317 quibus
582 261 868 303 instituendus
898 261 952 301 sit
973 259 1152 309 artibus,¹
1186 258 1258 315 qni
1286 258 1345 299 sic
1382 257 1541 299 forma*

156 311 288 369 bitur,
326 329 372 359 ut
407 320 497 360 fieri
538 320 673 375 possit
713 329 872 369 orator,
913 326 958 358 et
991 332 1088 373 quae
1125 319 1168 358 in
1204 330 1372 372 quaque
1412 322 1540 356 aetate

155 375 417 425 inchoanda,
450 376 592 416 dicere
621 377 849 431 ingrediar.

214 431 294 474 IV.
327 432 564 474 PfflMUS
590 433 632 473 in
655 448 708 473 eo
733 433 806 487 qui
831 429 1006 487 legendi
1031 430 1335 485 scribendique
1359 427 1541 483 adeptus

154 489 238 529 erit
258 488 527 539 facultatem,
559 491 905 531 GRAMMATrcis
926 497 991 529 est
1018 487 1155 529 locus.
1217 489 1311 528 Nec
1333 486 1464 527 refert
1487 484 1541 525 de

154 544 315 587 Graeco
356 561 410 588 an
443 546 497 586 de
535 547 688 586 Latino
724 546 898 600 loquar3
929 559 1174 599 quanquam
1205 545 1412 585 Graecum
1450 553 1542 582 esse

153 602 342 656 priorem
364 603 531 658 placet:
556 603 734 657 -u'trique
750 603 902 642 eadem
924 602 993 641 via
1015 609 1094 642 est.
1156 602 1268 642 Haec
1289 601 1422 657 igitur
1443 613 1542 654 pron

155 659 284 699 fessio
316 675 415 700 cum
451 659 697 700 brevissime
727 659 770 698 in
793 658 897 698 duas
920 665 1060 712 partes
1083 657 1316 706 dividatur,
1349 660 1410 710 (l)
1434 662 1542 696 recte

155 714 353 771 loquendi
367 716 600 764 scienciam,
631 722 676 755 et
689 722 916 770 poetarum
932 714 1259 764 enarratiouem,
1294 714 1388 769 plus
1410 713 1543 753 habet

153 771 199 811 in
237 787 422 821 recessu,
463 786 591 826 quam
628 771 1033 826 fronte'promittit.
1096 771 1210 811 Nam
1249 779 1294 810 et
1333 768 1544 811 scribendi

152 828 263 869 ratio
285 829 519 884 conjuncta
541 843 640 869 cum
667 827 887 882 loquendo
910 834 987 877 est,
1020 833 1065 867 et
1094 828 1410 868 enarrationem
1431 840 1544 880 prae-

152 884 272 926 cedit
287 885 505 926 emendata
524 884 672 926 lectio:
704 893 750 925 et
764 885 939 924 mistum
956 883 1022 923 his
1040 884 1239 924 omnibus
1257 883 1545 939 (¹2)judicium

151 951 241 983 est:
272 956 358 997 quo
377 942 553 997 quidem
574 941 634 982 ita
651 944 800 982 severe
817 948 916 981 sunt
930 940 995 981 usi
1012 948 1175 981 veteres
1193 940 1480 995 grammatici,
1498 949 1545 979 ut

151 1002 240 1039 tion
259 1011 400 1039 versus
417 998 548 1039 modo
565 998 760 1040 censoria
775 996 961 1052 quadam
980 997 1147 1053 virgula
1163 1005 1327 1046 notare,
1350 1005 1394 1037 et
1410 996 1544 1037 libros

150 1055 226 1110 qui
255 1055 363 1096 falso
392 1056 640 1096 viderentur
671 1054 882 1109 inscripti,
913 1061 1116 1108 tanquam
1147 1054 1415 1103 *subdititios,
1445 1054 1546 1094 sub⁴

151 1126 326 1153 movere
357 1112 522 1153 familia
552 1111 825 1168 permiserint
859 1111 967 1161 sibi3
1000 1111 1072 1151 sed
1111 1118 1309 1152 auctores
1339 1110 1445 1151 alios
1478 1113 1540 1164 (3)

152 1168 195 1208 in
219 1169 421 1210 ordinem
437 1169 700 1224 redegerint,
735 1167 840 1209 alios
869 1167 1048 1209 omnino
1076 1169 1325 1209 exemerint
1347 1172 1544 1209 numero.

152 1224 249 1267 Nec
285 1233 435 1283 poetas
468 1227 622 1282 legisse
654 1225 754 1266 satis
787 1234 873 1266 est:
905 1225 1218 1266 excutiendum
1248 1238 1378 1266 omne
1409 1225 1546 1280 scrip-2

152 1289 296 1324 torum
318 1298 476 1339 genusz
508 1298 596 1325 non
616 1290 792 1339 propter
812 1282 1010 1322 historias
1030 1282 1179 1332 modo,
1201 1282 1275 1324 sed
1296 1282 1426 1323 verba
1445 1294 1543 1337 quae

152 1338 400 1395 frequenter
429 1340 503 1396 jus
539 1341 592 1381 ab
635 1340 884 1380 auctoribus
916 1346 1104 1381 sumunt.
1161 1338 1274 1381 Tum
1313 1354 1394 1380 nec
1435 1340 1546 1379 citra

151 1398 331 1438 musicen
353 1397 634 1453 grammatice
654 1404 795 1452 potest
812 1410 902 1437 esse
920 1394 1128 1451 perfecta,
1153 1411 1251 1437 cum
1269 1395 1308 1436 ei
1327 1396 1379 1437 de
1396 1397 1544 1436 metris

152 1452 452 1509 rhythmisque
470 1454 704 1495 dicendum
719 1454 795 1494 sit:
828 1467 926 1503 nec,
943 1452 976 1493 si
996 1453 1201 1494 rationem
1217 1453 1397 1495 siderum
1416 1453 1545 1508 igno-

152 1518 232 1560 ret,
263 1520 415 1566 poetas
446 1511 690 1567 intelligat3
721 1510 794 1565 qni
835 1514 903 1562 (ut
937 1509 1022 1550 alia
1055 1511 1242 1560 mittam)
1287 1511 1414 1552 toties
1446 1517 1545 1551 ortu

151 1579 394 1624 occasuque
424 1569 646 1623 signorum
677 1568 719 1607 in
743 1567 1014 1607 declarandis
1047 1568 1313 1623 temporibus
1337 1576 1542 1609 utuntur}

150 1637 233 1665 nec
251 1625 401 1680 ignara
411 1624 710 1680 philosoplzz'ae3
743 1639 841 1665 cuin
860 1631 1037 1679 propter
1054 1624 1259 1678 plurimos
1279 1624 1320 1664 in
1341 1625 1544 1665 omnibus

150 1680 239 1722 fere
261 1682 524 1722 carminibus
555 1682 674 1722 locos
698 1695 752 1722 ex
778 1680 931 1721 intima
958 1681 1248 1735 quaestionum
1276 1682 1541 1722 naturalium

149 1737 389 1780 subtilitate
430 1739 653 1794 repetitos,
697 1745 787 1778 tum
820 1736 889 1778 vel
930 1744 1108 1792 propter
1143 1738 1455 1793 Empedoclem
1497 1738 1542 1779 in

150 1794 334 1846 Graecis,
350 1795 588 1837 Varronem
605 1811 656 1837 ac
674 1795 919 1836 Lucretium
942 1794 985 1834 in
1008 1794 1194 1845 Latini53
1226 1796 1300 1850 qui
1322 1803 1545 1852 praecepta

149 1852 374 1908 sapientiae
402 1854 594 1894 versibus
630 1851 915 1894 tradiderunt.
977 1849 1237 1907 Eloquentia
1260 1867 1430 1908 quoque
1453 1868 1542 1894 non

148 1909 359 1951 mediocri
388 1919 454 1951 est
485 1925 609 1967 opus,
639 1917 687 1950 ut
709 1910 762 1950 de
785 1922 1039 1963 unaquaque
1063 1923 1210 1950 earum
1231 1925 1334 1964 quas
1358 1910 1542 1951 demon-

147 1967 374 2008 stravimus
406 1981 547 2009 rerum
585 1965 704 2008 dicat
736 1966 906 2023 proprie
936 1973 982 2006 et
1009 1967 1201 2022 copiose.
1263 1966 1363 2012 Quo
1398 1967 1541 2011 minus

148 2032 247 2064 sunt
268 2023 452 2074 ferendi,
474 2025 548 2079 qui
568 2023 682 2065 hanc
704 2032 841 2065 artem
863 2030 910 2063 ut
932 2031 1105 2064 tenuem
1127 2037 1176 2065 ac
1190 2023 1389 2078 jejunam
1409 2025 1541 2065 cavil-

148 2079 313 2132 lantur3
346 2096 442 2136 quae
464 2081 545 2122 nisi
568 2083 727 2123 oratori
747 2081 891 2122 futuro
912 2079 1197 2120 fundamenta
1217 2080 1405 2123 fideliter
1418 2084 1542 2137 jece-

147 2137 219 2188 rit,
257 2138 463 2194 quicquid
492 2138 825 2194 superstruxeris
861 2144 1061 2188 corruet,
1100 2139 1341 2179 necessaria
1381 2140 1539 2194 pueris,

137 2193 338 2250 jucunda
358 2195 547 2246 senibus,
569 2196 709 2238 dulcis
730 2199 792 2249 (4)
817 2201 1083 2235 secretorum
1103 2209 1264 2245 eomes,
1285 2202 1330 2236 et
1349 2211 1445 2251 quae
1469 2198 1538 2239 vel

145 2251 237 2293 sola
252 2252 371 2294 omni
390 2251 631 2295 studiorum
650 2267 809 2311 genere
826 2251 922 2308 plus
938 2250 1072 2292 habet
1088 2252 1230 2308 operis
1244 2266 1374 2308 quam
1391 2261 1538 2295 osten-

149 2309 340 2351 tationis.
665 2355 668 2358 ,

201 2365 302 2408 Jam
316 2382 415 2409 cuin
432 2367 572 2410 omnis
588 2368 726 2410 oratio
745 2376 829 2410 tres
844 2365 1005 2409 habeat
1021 2366 1217 2416 virtutes,
1235 2373 1283 2407 ut
1299 2366 1537 2420 emendata,

149 2431 197 2464 ut
227 2421 435 2475 dilucida,
462 2433 511 2466 ut
538 2433 694 2467 ornata
722 2426 800 2473 sit;
846 2425 968 2480 (quia
995 2424 1140 2464 dicere
1172 2432 1288 2480 apte,
1320 2425 1435 2478 quod
1470 2435 1536 2468 est

148 2480 429 2537 praecipuum,
461 2483 654 2539 plerique
686 2483 856 2524 ornatui
888 2481 1165 2538 subjiciunt3)
1200 2480 1386 2523 totidem
1413 2482 1535 2535 vitia,

191 2605 244 2645 (1)
269 2607 433 2644 Conecte,
461 2609 644 2639 emendate.

193 2655 246 2693 (12)
271 2656 368 2686 Ratio
383 2654 595 2695 dijudicandi,
621 2656 843 2688 discernendi:
870 2645 1014 2703 κ’ξιτικῗιν
1029 2659 1161 2687 vocant-¹
1478 2696 1480 2698 v

194 2701 245 2739 (5)
274 2699 310 2729 In
339 2700 470 2731 ordinem
497 2701 684 2742 redegerint:
707 2704 790 2733 inter
809 2704 960 2743 vulgares
987 2708 1022 2733 et
1042 2702 1224 2733 mediocres
1252 2701 1530 2731 connumerarunt.

150 2740 234 2772 Alios
258 2744 377 2774 omuino
401 2746 565 2775 eaeemerint
589 2757 719 2781 numere,
743 2751 904 2786 tanquam
930 2749 962 2781 in
985 2747 1078 2777 nullo
1094 2745 1211 2784 pretio,
1235 2746 1269 2775 in
1284 2744 1376 2775 nullo
1391 2754 1532 2775 numero

147 2787 325 2816 habendos.
374 2789 464 2818 Male
482 2789 677 2828 interpretes
694 2791 741 2820 sic
757 2791 945 2830 explicant:
969 2789 1246 2827 eximiossecerint„

194 2830 245 2869 (4)
270 2831 308 2862 In
325 2831 509 2868 solitudine,
530 2832 567 2863 in
582 2833 711 2864 Museo.

824 2886 852 2917 (ἔ
