2015 3341
414 161 493 199 104
870 168 966 197 Lm.
1002 168 1067 195 xv·
1128 165 1238 193 σΑΡ.
1273 166 1331 193 rr.

466 250 670 310 Plerique
692 268 860 310 semper
893 251 1154 293 narrandum
1187 260 1469 307 putaverunt:
1503 253 1617 307 quod
1641 252 1796 295 falsum'

410 325 503 354 esse
520 311 715 366 pluribus
737 310 1003 365 coarguitur.
1047 309 1159 350 Sunt
1175 309 1289 348 euim
1313 315 1412 348 ante
1433 309 1579 349 onmia
1598 311 1797 364 quaedam

410 376 500 409 tam
518 369 668 408 breves
683 381 840 417 causae,
864 374 912 407 ut
927 365 1269 423 propositionem
1287 365 1431 421 potius
1451 365 1653 415 habeant,
1667 380 1798 422 quam

411 424 723 466 narrationem.
931 424 935 428 ’

468 480 520 521 Id
543 481 702 523 accidit
723 479 954 535 aliquando
976 478 1146 535 utrique
1168 479 1296 535 parti,
1317 492 1416 520 cum
1437 477 1505 518 vel
1528 477 1645 519 nulla
1662 492 1799 534 expo-

413 538 513 579 sitio
535 545 616 588 est,
647 537 717 578 vel
751 537 805 577 de
839 551 882 576 re
916 544 1101 585 constat,
1134 537 1187 577 de
1214 537 1313 592 jure
1347 534 1576 590 quaeritur:
1611 542 1658 575 ut
1684 536 1799 591 apud

405 595 726 636 centumviros:
760 592 897 636 Filius
917 592 1133 650 anfrater
1155 593 1304 634 debeat
1325 606 1402 633 esse
1425 592 1622 634 intestato
1639 590 1799 633 lucres?

410 653 502 693 Aut
529 667 629 693 cum
650 662 715 693 est
745 650 921 708 quidem
952 651 995 691 in
1019 665 1062 691 re
1085 651 1319 691 narrationi
1342 649 1479 698 locus,
1509 649 1583 689 sed
1607 656 1680 689 aut
1701 661 1807 695 ante,

404 709 546 766 judici
581 717 684 750 nota
714 716 815 749 sunt
846 708 1007 758 omnia,
1039 716 1113 748 aut
1145 708 1285 764 priore
1318 706 1415 747 loco
1440 713 1553 746 reete
1586 705 1800 761 exposita,

469 765 648 808 Accidit
669 765 902 822 aliquando
936 765 1077 815 alteri,
1109 775 1153 807 et
1185 765 1341 820 saepius
1375 763 1512 805 actori
1545 777 1701 813 causae3
1733 762 1803 805 vel

413 823 517 877 quia
551 824 652 865 satis
687 831 752 863 est
789 836 1044 878 proponere,
1076 821 1143 863 vel
1189 822 1292 877 quia
1326 820 1386 861 sic
1429 819 1566 875 magis
1607 819 1801 875 expedit.

414 879 527 921 Satis
541 888 605 921 est
619 881 802 921 dixisse:
819 878 1037 937 [Certum]
1051 877 1594 934 creditampeczmiampeto
1610 891 1657 918 ex
1668 876 1802 933 stipu-

417 936 601 988 latione5
625 938 836 994 Legatum
852 943 952 994 peto
975 951 1022 977 ez·
1041 942 1300 977 testamento.
1362 934 1558 976 Diversae
1577 936 1709 989 partis
1726 949 1802 975 ex-

413 995 575 1050 positio
596 1003 677 1044 est,
712 1009 787 1035 cur
809 1008 860 1035 ea
893 1008 977 1034 non
1013 994 1268 1035 debeantur.
1331 991 1386 1033 Et
1420 991 1520 1032 satis
1553 1002 1617 1032 est
1649 992 1802 1040 actori,

414 1059 460 1095 et
487 1052 625 1106 magis
646 1051 826 1107 expedit
857 1051 918 1092 sic
950 1051 1164 1092 indicare:
1200 1049 1311 1090 Dico
1336 1049 1389 1089 ab
1411 1048 1601 1089 Horatio
1623 1061 1804 1089 sororem

412 1122 530 1148 snam
551 1107 833 1166 interfectam.
882 1107 1081 1164 Namque
1103 1115 1144 1147 et
1167 1106 1463 1163 propositione
1478 1105 1618 1161 judex
1641 1105 1804 1148 crimen

415 1179 545 1206 omne
574 1166 815 1221 cognoscit,
846 1172 891 1205 et
923 1164 1046 1214 ordo,
1079 1172 1124 1204 et
1153 1179 1283 1204 causa
1312 1163 1415 1203 facti
1450 1177 1526 1218 pro
1560 1162 1804 1203 adversario

413 1222 552 1277 magis
595 1229 673 1263 est.
749 1222 864 1264 Reus
906 1229 1059 1262 contra
1099 1228 1202 1261 tunc
1243 1219 1531 1263 narrationem
1574 1218 1804 1269 subtrahit,

414 1292 514 1320 cum
537 1279 597 1328 id,
629 1278 745 1334 quod
770 1278 990 1334 objicitur,
1022 1292 1103 1320 nee
1125 1278 1289 1333 negari,
1321 1290 1401 1321 nec
1425 1276 1619 1317 excusari
1646 1284 1803 1331 potest,

415 1335 489 1375 sed
521 1335 564 1375 in
585 1335 801 1392 solajuris
823 1335 1063 1391 quaestione
1092 1336 1313 1384 consistit3
1346 1333 1456 1374 utin
1482 1347 1551 1383 e0,
1585 1333 1675 1387 qui,
1705 1347 1805 1375 cum

412 1393 644 1449 pecuniam
668 1393 878 1449 privatam
902 1406 955 1432 ex
982 1392 1075 1433 aecle
1098 1406 1218 1432 sacra
1233 1389 1453 1446 surripuit,
1477 1389 1690 1445 sacrilegii
1711 1404 1804 1432 reus

413 1457 495 1500 est,
514 1449 729 1490 confessio
747 1448 1030 1490 verecundior
1048 1463 1176 1504 quam
1198 1448 1414 1504 expositio
1433 1464 1442 1487 :
1478 1446 1576 1488 Non
1596 1461 1806 1503 negamus,

409 1507 636 1564 pecuniam
657 1507 704 1548 de
729 1506 881 1562 templo
904 1520 982 1547 esse
1003 1505 1215 1547 sublatam
1233 1522 1244 1547 .·
1270 1505 1558 1547 calumniatur
1575 1511 1712 1545 tatum
1733 1519 1804 1545 ac-

415 1572 585 1605 cusator
605 1565 769 1605 actione
792 1563 1023 1620 sacrilegii,
1057 1563 1338 1616 canapi-ivam
1358 1560 1520 1619 firm-it,
1553 1576 1634 1602 mm
1656 1575 1775 1603 sacra
1791 1580 1804 1604 ε

415 1635 486 1662 vos
503 1628 642 1662 autem
661 1622 708 1662 de
726 1621 800 1663 ltoc
815 1621 1081 1676 cognoscetis,
1105 1621 1178 1662 An
1194 1619 1463 1676 sacrilegium
1478 1619 1534 1662 sic
1551 1615 1805 1661 admissum?

475 1679 558 1720 Sed
583 1687 632 1719 ut
653 1679 728 1719 has
751 1678 986 1734 aliquando
1009 1692 1094 1719 non
1119 1677 1319 1718 narrandi
1343 1690 1490 1722 causas
1515 1683 1636 1732 puto,
1669 1676 1803 1718 sicab

414 1734 502 1776 illis
524 1736 750 1784 dissentio,
782 1736 853 1792 qui
878 1749 963 1775 non
987 1749 1078 1776 esse
1099 1735 1387 1777 narrationem
1406 1733 1674 1784 existiment,
1705 1748 1805 1776 cum

414 1807 529 1843 rens,
560 1793 674 1848 quod
698 1792 918 1848 objicitur,
944 1800 1113 1833 tantuin
1130 1801 1273 1846 negat.
1335 1790 1385 1832 In
1409 1805 1493 1846 qua
1514 1798 1579 1831 est
1599 1791 1805 1847 opinione

417 1849 650 1891 Cornelius
671 1848 838 1898 Celsus,
872 1849 943 1906 qui
971 1881 979 1890 .
1007 1880 1016 1890 .
1038 1863 1123 1890 non
1147 1856 1273 1905 putat
1293 1861 1383 1889 csse
1398 1848 1706 1898 narrationem,
1725 1849 1805 1890 nisi

415 1921 512 1963 quae
537 1921 746 1948 summani
771 1906 977 1954 criminis,
1012 1906 1065 1946 de
1088 1905 1402 1962 quojndicium
1424 1912 1503 1954 est,
1536 1906 1747 1947 continet.
1767 1938 1775 1946 .

476 1964 572 2021 Ego
595 1971 755 2013 autem,
777 1977 959 2017 magnos
981 1963 1142 2018 alioqui
1163 1971 1334 2005 secutus
1353 1972 1565 2012 auctores,
1589 1962 1693 2004 duas
1715 1977 1806 2004 esse

415 2020 459 2062 in
476 2021 657 2076 judiciis
689 2022 981 2071 narrationum
1014 2020 1180 2076 species
1213 2020 1439 2061 existimo:
1473 2019 1649 2062 alteram
1675 2020 1805 2077 ipsius

417 2092 576 2129 causae,
607 2077 785 2119 alteram
811 2092 950 2118 rerum
969 2078 1023 2120 ad
1042 2092 1214 2118 causam
1238 2077 1564 2133 pertinentium,
1595 2078 1805 2132 expositi-

415 2150 560 2176 onem.
623 2133 724 2176 Non
744 2135 879 2176 occidi
901 2134 1118 2184 hominem,
1152 2134 1271 2176 nulla
1298 2134 1484 2180 narratio
1507 2142 1593 2174 est:
1628 2134 1700 2175 sed
1726 2136 1807 2180 erit

416 2192 576 2248 aliqua,
610 2200 654 2232 et
694 2193 863 2232 interim
902 2193 1032 2233 etiarn
1070 2191 1218 2247 longa,
1263 2191 1379 2236 circa
1418 2199 1673 2246 argumenta
1714 2192 1807 2246 ejus

415 2249 625 2300 criminis,
658 2249 712 2289 de
735 2257 935 2289 anteacta
964 2250 1067 2298 vita,
1100 2249 1154 2289 cle
1177 2249 1315 2290 causis
1345 2258 1521 2304 propter
1541 2262 1645 2303 quas
1680 2249 1806 2289 inno-

417 2308 577 2350 censin
603 2306 841 2361 periculum
861 2306 1117 2356 deducatur,
1149 2305 1345 2361 aliisque,
1377 2305 1533 2358 quibus
1551 2305 1805 2347 incredibile

415 2364 460 2409 id
494 2364 607 2419 quod
631 2363 836 2418 objicitur
856 2363 946 2403 fiat.
1011 2362 1102 2405 Nec
1135 2363 1250 2403 enim
1274 2372 1496 2403 accusator
1531 2361 1614 2402 hoc
1638 2370 1806 2406 tantum

417 2421 541 2470 dicit,
579 2420 807 2469 Occidisti;
840 2420 930 2469 sed,
963 2420 1118 2475 quibus
1141 2419 1181 2460 id
1204 2420 1372 2475 probet,
1392 2426 1557 2460 narrat:
1592 2429 1638 2460 ut
1660 2421 1700 2461 in
1722 2427 1805 2460 tra-

416 2477 591 2531 goediis,
621 2493 721 2518 curn
756 2478 923 2519 Teucer
959 2477 1157 2532 Ulyssem
1196 2491 1314 2517 reum
1349 2475 1454 2517 facit
1484 2477 1632 2531 Ajacis
1655 2477 1804 2527 occisi,

417 2536 584 2584 dicens,
616 2535 838 2577 inventum
861 2549 958 2575 eum
993 2534 1034 2574 in
1066 2534 1318 2582 solitudine,
1341 2532 1470 2589 juxta
1493 2534 1693 2576 exanime
1711 2549 1804 2577 corf

416 2607 495 2649 pus
519 2592 702 2641 inimici,
717 2607 812 2633 curn
829 2591 977 2646 gladio
999 2599 1203 2639 cruent03
1228 2605 1311 2634 non
1329 2591 1371 2631 id
1392 2591 1522 2631 modo
1545 2591 1719 2646 Ulysses
1743 2606 1807 2632 re-

417 2649 618 2706 spondet,
653 2663 738 2690 non
776 2663 866 2690 esse
900 2664 925 2688 a
961 2663 1005 2689 se
1046 2647 1090 2689 id
1126 2648 1294 2691 facinus
1327 2648 1579 2698 admissum,
1611 2649 1684 2690 sed
1723 2649 1803 2690 sibi

415 2708 552 2750 nullas
574 2721 674 2748 curn
697 2706 828 2762 Ajace
860 2705 1112 2746 inimicitias
1144 2703 1296 2746 fuisse:
1331 2704 1384 2746 de
1405 2704 1534 2746 laude
1557 2707 1668 2746 inter
1690 2706 1804 2761 ipsos

416 2764 651 2807 certatum:
684 2762 842 2806 deinde
865 2763 1106 2818 subjungit,
1138 2777 1224 2817 quo
1249 2761 1378 2813 modo
1403 2763 1444 2803 in
1475 2777 1569 2803 eam
1603 2762 1803 2803 solitudi-

414 2836 515 2864 nem
532 2821 945 2877 venerit,jaeentem
964 2820 1208 2862 exanimem
1228 2820 1280 2861 sit
1297 2820 1589 2877 conspicatus,
1610 2819 1804 2877 gladium
