2015 3341
408 195 490 234 1⁴20
863 200 964 230 mn.
997 198 1067 229 tv.
1130 199 1237 228 cn.
1270 199 1339 228 iv.

405 287 577 345 positiS,
598 286 759 332 Siciliae
777 286 890 337 laus,
911 285 1184 343 Proserpinae
1202 292 1371 341 raptus;
1402 299 1480 341 pro
1503 285 1554 327 C.
1576 285 1796 333 Cornelio,

411 346 633 401 popularis
664 344 742 385 illa
761 344 970 384 virtutum
993 341 1077 383 Cn.
1098 342 1312 397 ‘Pompeii
1343 344 1721 384 commemoratio:
1753 342 1800 384 in

412 415 546 456 quam
575 403 646 444 ille
666 400 838 442 divinus
859 406 1019 448 orator,
1051 397 1172 440 velut
1191 399 1366 443 nomine
1394 399 1488 454 ipso
1510 399 1633 440 ducis
1653 411 1798 440 cursus

415 458 592 500 dicendi
625 463 860 506 teneretur,
889 456 1074 512 abrupto
1110 469 1239 510 quein
1278 454 1559 496 inchoaverat
1588 468 1799 504 sermone,

418 513 607 557 devertit
627 520 837 556 actutum.

473 571 691 626 Παςέκξασις
722 576 788 610 est.
809 571 878 620 (ut
910 583 1007 610 mea
1039 566 1216 624 quidem
1241 566 1325 610 fert
1356 567 1524 624 opinio)
1547 566 1701 609 alienae
1727 565 1805 616 rei,

417 625 494 668 sed
517 625 572 666 ad
593 624 828 667 utilitatem
859 640 1001 666 causae
1031 625 1304 681 pertinentiS,
1335 632 1460 666 ext-ra
1487 625 1681 665 ordinem
1705 637 1805 680 pro-

419 695 596 725 currens
630 682 849 724 tractatio.
909 681 1185 737 Quapropter
1219 695 1307 722 non
1335 681 1481 730 video,
1510 695 1588 722 cur
1618 680 1735 721 hunc
1766 678 1807 721 ei

422 739 694 797 potissimum
710 738 856 780 locum
875 739 1112 795 assignent,
1134 738 1207 793 qui
1222 752 1362 780 rerum
1379 738 1577 780 ordinem
1592 736 1805 792 sequitur;

421 811 511 837 non
533 796 671 850 magis
690 811 821 852 quam
843 795 964 845 illud,
993 810 1070 837 cur
1092 795 1176 836 hoc
1197 795 1259 835 ita
1280 795 1453 837 demum
1486 795 1709 851 proprium
1729 807 1809 848 pu-

414 860 528 903 tent,
559 852 592 902 si
614 852 778 908 aliquid
808 853 852 894 in
870 851 1065 908 digressu
1087 852 1143 893 sit
1162 852 1488 908 exponendum,
1509 865 1608 892 cum
1629 861 1695 892 tot
1714 863 1809 890 mo·

419 909 486 951 dis
508 908 534 950 a
550 918 671 951 recto
693 910 846 952 itinere
868 909 1062 950 declinet
1079 908 1233 949 oratio.
1293 909 1405 950 Nam
1424 907 1633 964 quidquid
1653 907 1812 948 dieitur

419 961 578 1024 praete'r
610 965 706 1008 illas
746 966 937 1022 quinque
967 980 1072 1021 quas
1104 964 1283 1006 fecimus
1316 974 1474 1021 partes,
1505 964 1694 1020 egressio
1722 973 1812 1013 est;

421 1023 686 1078 indignatio,
707 1023 942 1073 miseratio,
965 1022 1143 1071 invidia,
1166 1022 1427 1072 convicium,
1443 1021 1683 1071 excusatio,
1708 1034 1814 1061 con-

425 1080 609 1130 ciliatio,
629 1079 961 1121 maledictorum
979 1078 1202 1120 refutatio:
1225 1079 1381 1120 similia
1393 1079 1475 1129 his,
1494 1093 1586 1134 quae
1604 1092 1691 1118 non
1715 1083 1816 1117 sunt

426 1138 472 1178 in
490 1137 752 1192 quaestione;
784 1135 924 1180 omnis
941 1134 1238 1191 amplificatio,
1259 1136 1462 1184 minutio,
1483 1149 1612 1176 omne
1633 1133 1814 1175 affectus
1851 1181 1859 1192 .

428 1207 587 1249 genus:
621 1203 751 1248 atque
784 1207 834 1232 ea
868 1193 1055 1233 maxime
1069 1192 1313 1247 jucundam
1345 1199 1391 1232 et
1420 1198 1617 1232 ornatam
1649 1190 1818 1231 faciunt.

428 1249 686 1300 orationem,
718 1249 772 1289 de
793 1248 979 1298 luxui-ia,
1011 1247 1065 1289 de
1087 1249 1281 1298 avaritia,
1311 1248 1366 1288 de
1387 1247 1615 1303 religione,
1647 1247 1702 1288 de
1722 1246 1818 1287 offi-

429 1307 533 1355 ciis3
565 1321 661 1361 quse
691 1320 787 1346 cum
811 1305 896 1345 sint
922 1305 1190 1361 argumentis
1211 1305 1409 1360 subjecta
1428 1303 1636 1346 similium
1658 1317 1816 1354 rerum,

429 1363 533 1419 quia
548 1362 787 1411 cohaerent,
818 1361 968 1416 egredi
987 1376 1073 1402 non
1097 1361 1313 1403 videntur.

489 1419 573 1460 Sed
598 1418 783 1474 plurima
802 1425 917 1467 sunt,
949 1433 1040 1472 quae
1059 1419 1185 1459 rebus
1207 1418 1316 1459 nihil
1335 1432 1481 1460 secum
1498 1416 1820 1460 cohaereutibus

431 1477 690 1525 inserantur,
720 1475 1031 1531 quibusjiidex
1064 1475 1271 1526 reficitur,
1304 1475 1577 1525 admonetur,
1608 1474 1821 1530 placatur,

429 1541 625 1588 rogatur,
644 1532 856 1573 laudatur.
918 1531 1259 1573 Innumerabilia
1281 1541 1380 1574 sunt
1402 1532 1514 1582 haec,
1533 1546 1719 1588 quorum
1738 1531 1823 1572 alia

433 1591 548 1631 sicut
574 1600 813 1644 praeparata
834 1587 1068 1638 afferimus,
1102 1589 1301 1644 quaedam
1322 1604 1378 1631 ex
1408 1590 1636 1630 occasione
1653 1588 1720 1629 vel
1742 1602 1822 1629 ne-

433 1648 635 1687 cessitate
657 1646 856 1695 dicimus,
877 1653 939 1695 ut,
959 1646 991 1685 si
1009 1645 1113 1700 quid
1132 1647 1258 1688 nobis
1275 1646 1503 1701 agentibus
1524 1646 1624 1686 novi
1644 1645 1822 1695 accidit,

434 1703 744 1758 interpellatio,
763 1703 1028 1743 interventus
1050 1702 1246 1758 alicujus,
1267 1703 1489 1744 tumultus.
1541 1702 1672 1743 Unde
1695 1702 1823 1744 Cice-

435 1761 530 1801 roni
555 1774 727 1815 quoque
763 1759 806 1799 in
842 1759 1071 1814 prooemio,
1105 1773 1204 1800 cum
1236 1759 1402 1801 diceret
1433 1774 1511 1815 pro
1533 1759 1725 1809 Milone,
1757 1759 1824 1800 di·

435 1817 560 1872 gredi
578 1816 660 1857 fuit
675 1830 866 1865 necesse,
888 1823 935 1856 ut
952 1816 1043 1870 ipsa
1068 1817 1354 1868 oratiuncula,
1376 1832 1461 1871 qua
1477 1831 1576 1857 usus
1593 1823 1673 1867 est,
1688 1823 1826 1871 patet.

437 1874 606 1915 Poterit
628 1880 780 1917 autem
808 1872 936 1928 paulo
971 1872 1143 1927 lougius
1165 1874 1298 1921 exire,
1330 1874 1403 1929 qui
1435 1880 1643 1930 praeparat
1662 1872 1827 1928 aliquid

439 1938 540 1971 ante
562 1930 864 1984 quaestionem,
886 1937 929 1969 et
950 1929 1022 1984 qui
1044 1929 1181 1970 finitae
1205 1931 1448 1985 probationi
1469 1931 1587 1971 velut
1604 1944 1829 1971 commen-

441 1988 662 2034 dationem
685 1986 857 2042 adjicit:
891 1998 949 2033 at,
982 1986 1054 2041 qui
1088 2001 1142 2026 ex
1175 1987 1319 2028 media
1349 1988 1552 2045 erumpit,
1584 1987 1673 2029 cito
1705 1986 1828 2029 adid

439 2044 580 2086 redire
599 2043 743 2091 debet,
777 2043 890 2083 unde
913 2043 1113 2084 devertit.

501 2100 749 2142 1V.SL‘§T
762 2101 833 2154 qui
850 2100 1421 2156 narrationipropositionem
1436 2100 1717 2157 subjungant,
1733 2107 1829 2142 tan-

444 2173 572 2212 quam
607 2165 772 2213 partem
795 2156 1018 2212 judicialis
1047 2158 1261 2198 materiae:
1294 2160 1363 2199 cui
1385 2158 1580 2213 opinioni
1603 2157 1830 2212 respondi-

443 2229 554 2255 mus.
617 2213 733 2254 Mihi
756 2221 900 2254 autem
923 2214 1163 2269 propositio
1185 2214 1355 2255 videtur
1377 2215 1534 2264 omnis,
1565 2214 1832 2256 confirmati-

443 2272 537 2312 onis
563 2271 755 2311 {xilv-nu:
777 2273 838 2323 (1)
857 2270 975 2325 quod
994 2284 1078 2311 non
1099 2271 1228 2311 modo
1245 2272 1286 2311 in
1303 2271 1574 2312 ostendenda
1587 2272 1830 2326 quaestione

443 2327 690 2385 psit-cipali,
714 2327 786 2367 sed
811 2342 1119 2382 nonnunquam
1143 2329 1274 2368 etiam
1298 2329 1338 2369 in
1363 2329 1545 2383 singulis
1565 2329 1833 2384 argumentis

447 2387 549 2442 poni
573 2385 697 2425 solet.
735 2417 740 2423 .
776 2383 859 2424 Sed
883 2398 999 2425 nunc
1020 2384 1074 2424 de
1098 2386 1236 2438 priore
1258 2384 1488 2440 loquimur.

507 2441 567 2482 Ea
599 2456 685 2482 non
719 2455 886 2497 semper
914 2441 976 2482 uti
1009 2455 1183 2482 necesse
1215 2449 1304 2482 est:
1338 2441 1572 2497 aliquando
1604 2442 1720 2484 enim
1741 2442 1833 2483 sine

445 2499 745 2555 propositione
767 2512 939 2553 quoque
959 2498 1062 2538 satis
1094 2497 1370 2539 manifestum
1394 2506 1473 2549 est,
1505 2499 1608 2554 quid
1629 2500 1671 2540 in
1694 2515 1836 2555 qnaes-

446 2557 565 2597 tione
595 2566 807 2605 versetur;
839 2554 1005 2608 utique,
1036 2554 1067 2594 si
1103 2556 1292 2595 narratio
1324 2556 1384 2596 ibi
1418 2555 1549 2597 finem
1581 2556 1729 2606 habet,
1759 2556 1834 2598 ubi

445 2612 619 2654 initium
642 2612 845 2671 quaesti03
877 2612 986 2668 adeo
1010 2618 1057 2652 ut
1084 2611 1314 2667 aliquando
1348 2613 1633 2670 subjungatur
1664 2614 1836 2671 exposi-

490 2758 541 2798 (1)
566 2758 698 2796 Duplex
715 2762 766 2788 est
781 2757 960 2797 propositio
966 2768 977 2794 ,-
999 2757 1105 2788 altera
1120 2757 1280 2798 gmzeralif,
1298 2763 1331 2789 et
1348 2759 1449 2792 totius
1466 2763 1587 2799 cansae',
1604 2770 1679 2802 quae
1693 2761 1838 2794 breviter

447 2811 532 2839 com,
548 2801 691 2839 lectitur‚
716 2802 750 2833 id
765 2803 853 2842 quod
869 2802 898 2832 in
921 2804 1174 2833 controversiam
1192 2803 1298 2834 venit:
1326 2804 1431 2836 altera
1447 2805 1591 2847 speciali&
1613 2815 1688 2848 quae
1703 2806 1838 2847 singuli?-

446 2847 789 2885 argumentationibus
806 2846 891 2877 solet
898 2846 1054 2887 praeponi.
1107 2844 1200 2876 Turn.
