2015 3341
528 122 589 150 DE
625 117 826 150 GENERE
863 117 1093 148 mcENDI.
1421 100 1500 145 371

114 198 289 252 tantior,
312 200 487 243 vaniore
508 203 638 243 etiam
657 199 831 242 dicendi
855 199 993 255 gloria
1014 198 1164 240 inflata
1183 205 1263 239 est.
1303 194 1501 238 Tertium

112 271 230 307 mox,
263 261 333 314 qui
361 259 454 299 haec
484 259 752 308 dividebant,
784 257 1037 312 adjecerunt
1067 269 1221 310 genus,
1254 252 1498 298 Rlzodiwn;

112 315 230 365 quod
256 315 372 356 velut
395 316 583 356 medium
608 329 716 363 esse,
747 323 877 368 atque
899 327 953 354 ex
984 321 1167 366 utroque
1198 312 1390 359 mistum,
1422 321 1500 348 vo-

112 368 228 412 lunt:
263 387 401 427 neque
421 373 534 412 enim
558 373 706 412 Attice
729 371 877 426 pressi,
913 382 1053 424 neque
1070 369 1227 408 Asiane
1244 374 1342 408 sunt
1363 367 1502 406 abun-

112 428 280 477 dantes,
313 438 359 469 ut
379 429 543 483 aliquid
579 429 735 468 babere
757 426 983 468 videantur
1015 425 1175 480 gentis,
1206 422 1368 478 aliquid
1395 435 1500 462 auc-

112 484 240 525 toris:
273 485 500 526 ssEschines
523 486 653 534 enim,
683 484 756 539 qui
791 483 906 523 hunc
927 481 1059 522 exilio
1083 481 1305 536 delegerat
1336 479 1499 526 locum,

112 539 261 581 intulit
300 557 352 582 eo
389 542 531 582 studia
563 541 849 588 Athenarum,
879 553 993 593 quae,
1023 537 1143 578 velut
1176 547 1267 577 sata
1297 535 1501 591 quaedam

111 596 228 637 coelo
251 605 446 654 terraque
465 599 745 653 degenerant,
775 609 970 651 saporem
1004 594 1123 634 illum
1150 594 1348 634 Atticum
1377 605 1501 648 pere-

109 654 235 708 grino
260 656 534 695 miscuerunt.
568 654 690 695 Lenti
713 666 817 707 ergo
834 651 1010 706 quidam
1032 665 1082 691 ac
1100 650 1280 700 remissi,
1298 663 1384 690 non
1409 650 1500 689 sine

110 710 303 765 pondere
329 720 486 760 tamen,
519 725 658 765 neque
690 709 881 750 fontibus
914 708 1047 764 puriS,
1076 720 1217 763 neque
1238 705 1502 748 torrentibus

111 767 310 817 turbidis,
343 768 415 808 sed
451 768 618 809 lenibus
651 765 831 821 stagnis,
862 765 1023 805 similes
1061 764 1290 805 habentur.
1352 764 1496 804 Nemo

109 822 244 878 igitur
264 824 541 874 dubitaverit,
570 823 702 878 longe
723 836 814 863 esse
834 822 1047 877 optimum
1070 835 1206 877 genus
1227 820 1499 861 Atticorum:

110 880 153 920 in
173 896 259 935 quo
278 891 323 922 ut
344 891 408 922 est
429 880 592 936 aliquid
611 882 722 921 inter
739 880 852 935 ipsos
870 892 1115 927 commune,
1131 877 1174 917 id
1192 876 1500 932 est,judiciu1n

108 951 223 987 acre,
255 944 523 993 tersumque3
556 937 617 978 ita
638 937 908 992 ingeniorum
929 935 1125 990 plurimae
1149 934 1317 975 formae.
1381 933 1503 978 Qua-

109 1004 286 1049 propter
305 994 410 1035 mihi
435 993 520 1035 falli
543 994 728 1035 multum
751 992 966 1042 videntur,
989 993 1061 1047 qui
1086 990 1202 1032 solos
1223 1004 1315 1031 esse
1328 989 1501 1031 Atticos

111 1052 296 1092 credunt
315 1060 481 1100 tenues,
513 1061 557 1092 et
589 1051 775 1099 lucidos,
807 1057 852 1090 et
872 1049 1183 1105 significantes,
1215 1047 1287 1088 sed
1313 1045 1501 1101 quadam

109 1106 374 1163 eloquentiae
408 1107 655 1164 frugalitate
688 1115 933 1156 contentos,
965 1121 1015 1146 ac
1047 1119 1217 1160 semper
1241 1106 1300 1158 (1)
1326 1117 1501 1144 manum

110 1163 223 1206 intra
256 1165 432 1221 pallium
457 1166 746 1206 continentes.
808 1163 921 1205 Nam
954 1163 1050 1218 quis
1083 1163 1166 1203 erit
1200 1161 1271 1202 hic
1301 1160 1502 1202 Atticus?

111 1221 167 1261 sit
192 1221 362 1278 Lysias:
395 1221 511 1263 hunc
539 1222 656 1262 enirn
689 1220 1012 1276 amplectuntur
1040 1228 1253 1260 amatores
1282 1217 1404 1258 istius
1424 1231 1506 1258 no·

109 1278 239 1319 minis
262 1279 462 1320 modum:
496 1293 584 1319 non
617 1279 751 1335 igitur
775 1279 869 1333 jam
902 1290 1037 1332 usque
1069 1275 1122 1317 ad
1154 1278 1220 1327 (2)
1244 1274 1437 1317 Coccum
1459 1283 1504 1316 et

109 1334 384 1377 Andocidem
407 1336 701 1377 remittemur?
763 1335 1038 1389 Interrogare
1073 1342 1216 1375 tamen
1254 1330 1404 1381 velim,
1447 1346 1502 1372 an

111 1392 321 1434 Isocrates
338 1392 484 1434 Attice
506 1393 689 1435 dixerit?
720 1391 830 1434 nihil
858 1391 973 1432 enim
998 1397 1083 1432 tam
1107 1397 1173 1431 est
1203 1388 1343 1444 Lysiae
1362 1388 1503 1430 diver-

110 1462 227 1491 sum:
250 1450 512 1505 negabunt:
530 1458 575 1491 at
595 1451 687 1505 ejus
709 1447 858 1490 schola
880 1447 1096 1504 principes
1118 1454 1336 1488 oratorum
1362 1445 1503 1488 dedit.

111 1505 341 1551 Quaeratur
365 1506 543 1548 similius
564 1506 751 1562 aliquid:
785 1504 1034 1562 Hyperides
1059 1504 1258 1545 Atticus?
1289 1511 1426 1544 certe:
1459 1512 1505 1544 at

110 1563 207 1618 plus
247 1563 426 1605 indulsit
461 1563 689 1620 voluptati.
749 1562 940 1604 Transeo
977 1561 1200 1617 plurimos,
1235 1560 1501 1616 Lycurgum,

108 1619 426 1677 Aristogitona,
459 1629 517 1671 et,
535 1621 602 1661 his
622 1621 802 1676 priores,
826 1619 997 1669 lsaeum,
1019 1618 1360 1673 Antiphontem:
1393 1632 1502 1672 quos

109 1685 159 1717 ut
199 1677 396 1718 homines
432 1678 543 1719 inter
579 1693 623 1719 se
646 1691 804 1732 genere
840 1675 1015 1725 similes,
1057 1675 1306 1716 differentes
1341 1673 1501 1715 dixeris

110 1734 271 1788 specie„
328 1734 445 1780 Quid
471 1735 558 1785 ille,
589 1736 712 1790 cujus
734 1733 866 1775 modo
888 1732 1072 1774 fecimus
1093 1732 1378 1780 mentionem,
1400 1731 1501 1772 AEs-

110 1791 285 1832 chines?
328 1805 472 1832 nonne
514 1792 580 1833 his
619 1791 763 1841 latior,
804 1799 848 1832 et
888 1789 1134 1839 audentior,
1178 1799 1221 1830 et
1261 1788 1499 1829 excelsior?

109 1847 230 1894 Quid
259 1848 446 1903 denique
468 1848 811 1890 Demosthenes?
841 1861 930 1888 non
953 1853 1134 1888 cunctos
1156 1845 1252 1887 illos
1275 1852 1424 1886 tenues
1456 1852 1502 1886 et

107 1906 459 1960 circumspectos,
471 1906 749 1955 sublimitate,
765 1905 821 1955 vi,
836 1905 893 1944 im
901 1911 1019 1960 petu,
1033 1903 1170 1953 cultu,
1183 1903 1500 1958 compositione

109 1963 349 2017 superavit?
381 1977 468 2004 non
501 1963 687 2018 insurgit
721 1963 850 2003 locis?
881 1976 969 2002 non
1005 1961 1155 2017 figuris
1195 1959 1381 2015 gaudet?
1409 1973 1501 2000 non

110 2018 458 2061 translationibus
495 2020 632 2061 nitet?
661 2034 748 2060 non
781 2019 977 2060 oratione
1009 2018 1111 2059 ficta
1143 2017 1220 2059 dat
1251 2016 1498 2057 tacentibus

109 2078 285 2116 vocem?
316 2090 402 2118 non
435 2077 540 2119 illud
567 2076 888 2133 jusjurandum,
918 2090 994 2131 per
1013 2090 1146 2116 caesos
1170 2075 1211 2115 in
1238 2072 1500 2115 Marathone

109 2147 159 2172 ac
195 2133 409 2174 Salamine
444 2143 787 2190 propugnatores
823 2132 1094 2188 reipublicae,
1127 2132 1227 2171 satis
1263 2130 1497 2171 manifesto

110 2189 254 2238 docet,
285 2204 595 2247 praeceptorem
619 2191 712 2246 ejus
748 2190 973 2231 Platonem
1003 2189 1156 2230 fuisse?
1188 2189 1332 2235 Quem
1356 2188 1498 2242 ipsum

108 2261 211 2287 num
232 2247 436 2288 Asianum
460 2247 788 2304 appellabimus,
821 2246 1074 2302 plerumque
1104 2245 1318 2286 instinctis
1348 2244 1498 2285 divino

110 2303 261 2358 spiritu
285 2305 453 2345 vatibus
474 2303 833 2360 comparandum?
864 2303 981 2349 Quid
1008 2302 1224 2343 Periclea?
1253 2301 1497 2342 similemne

111 2360 336 2401 credemus
359 2361 551 2418 Lysiacae
575 2361 823 2419 gracilitati,
839 2375 966 2416 quem
991 2359 1247 2401 fulminibus
1267 2366 1312 2399 et
1327 2357 1498 2401 coelesti

156 2511 207 2549 (1)
233 2512 285 2540 Sic
301 2510 551 2550 proverbialiter
566 2515 617 2541 est
632 2509 763 2541 locutus
780 2510 820 2540 de
837 2509 901 2539 illis
918 2510 973 2549 qui
992 2509 1071 2539 tenti
1087 2513 1165 2539 sunt
1181 2512 1214 2538 et
1230 2507 1371 2544 remissi,
1387 2516 1426 2537 ac
1444 2516 1496 2537 se-

110 2554 188 2584 data
208 2559 347 2584 utuntur
363 2556 520 2585 oratione.
567 2555 652 2584 Nam
678 2560 826 2584 oratores
843 2554 898 2593 qui
924 2557 1064 2584 utuntur
1079 2554 1301 2587 contentione,
1321 2550 1498 2582 brachium

110 2598 216 2629 solent
229 2607 362 2628 exercre
378 2604 480 2637 atque
499 2599 638 2628 vibrare.
690 2598 780 2627 Turn.

156 2643 208 2680 (2)
236 2641 403 2671 Andocides
418 2647 614 2671 numeratur
641 2651 660 2671 a
682 2641 864 2672 Plutarcho
881 2640 965 2670 inter
981 2639 1096 2669 decem
1114 2642 1260 2668 oratores
1273 2637 1499 2669 Athenienses.

110 2686 160 2715 De
179 2686 267 2714 Cocco
284 2685 362 2714 nihil
377 2685 432 2715 ille
450 2686 581 2715 scribit:
608 2689 739 2715 tantum
759 2684 875 2714 Suidas
887 2685 944 2719 ait,
969 2685 1059 2713 hunc
1072 2683 1173 2712 fuisse
1192 2682 1342 2711 Isocratis
1352 2681 1496 2719 discipu-

109 2729 190 2764 lum,
215 2733 247 2757 et
265 2734 426 2758 oratorem
444 2728 683 2764 Atheniensem,
707 2729 763 2766 qui
780 2727 939 2767 quasdam
957 2727 1118 2756 orationes
1131 2725 1311 2763 reliquerit.
1357 2723 1500 2754 Videtur

110 2778 222 2803 autem
237 2773 423 2811 significare
431 2772 634 2803 Andocidem
652 2776 685 2803 et
701 2772 842 2802 Coccum
859 2771 1024 2801 tenuiores
1039 2770 1142 2800 fuisse
1157 2769 1265 2807 Lysia.
1315 2766 1409 2798 Turn.

738 2813 879 2855 Bbss
