2015 3341
275 343 375 416 M.
438 350 713 417 FABII
771 351 1405 429 QUINTILIANI

813 535 874 566 DE

349 679 893 733 INSTITUTIONE
943 684 1335 736 ORATORIA

699 846 895 885 LIBER
923 845 992 886 IV,

143 1213 572 1304 PERFECTO,
611 1251 819 1295 Marcelle
847 1250 1031 1304 Victori,
1062 1253 1203 1311 operis
1238 1254 1316 1296 tibi
1349 1254 1541 1298 dedicati

144 1312 274 1353 tertio
302 1309 430 1359 libio,
462 1320 506 1351 et
528 1311 620 1366 jam
652 1321 804 1365 quaita
835 1310 924 1352 fere
955 1311 1114 1353 labo1is
1150 1324 1272 1367 parte
1305 1321 1539 1363 tiansacta,

143 1380 269 1410 novae
294 1369 468 1422 insuper
488 1367 595 1408 mihi
622 1366 862 1423 diligentiae
884 1383 1027 1419 causa,
1058 1378 1103 1409 et
1133 1369 1259 1409 altior
1286 1369 1538 1420 solicitudo,

144 1425 272 1479 quale
304 1423 519 1479 judicium
563 1424 785 1465 hominum
825 1439 1051 1475 emererer,
1101 1426 1296 1466 accessit.
1376 1426 1537 1468 Adnue

143 1482 261 1522 enim
285 1480 402 1522 velut
423 1480 564 1522 studia
586 1482 698 1521 inte1
729 1496 808 1522 nos
839 1481 1193 1523 conferebamus·
1226 1490 1286 1532 et,
1319 1483 1352 1523 si
1388 1498 1540 1538 palum

143 1549 292 1579 nostra
323 1538 538 1578 institutio
569 1538 823 1592 probaretur
854 1554 879 1579 a
906 1539 1090 1588 caeteiis,
1122 1539 1317 1579 contenti
1341 1539 1434 1580 fore
1458 1540 1537 1581 do·-

141 1596 325 1636 mestico
357 1609 434 1635 usu
467 1593 737 1644 videbamur,
766 1603 815 1635 ut
845 1595 906 1635 tui
938 1596 1110 1650 meique
1132 1595 1208 1637 filii
1242 1595 1427 1637 formare
1452 1597 1540 1637 dis-

141 1651 348 1707 ciplinam
384 1651 485 1691 satis
516 1658 778 1706 putaiemus.
839 1651 950 1692 Cum
985 1666 1086 1692 νέιο
1118 1652 1225 1692 mihi
1260 1652 1539 1694 Domitianus

140 1709 362 1765 Augustus
385 1707 539 1748 sororis
562 1722 650 1748 suae
672 1709 734 1760 (l)
751 1718 959 1763 nepotum
974 1708 1157 1764 delegav
1148 1709 1242 1749 elit
1262 1723 1426 1760 curam,
1450 1725 1540 1752 non

140 1767 244 1807 satis
278 1766 487 1806 honorem
513 1763 780 1820 judiciorum
806 1767 865 1816 (2)
892 1741 1134 1806 coelestium
1163 1765 1423 1821 intellio-am,
1457 1767 1539 1809 nisi

140 1836 197 1864 ex
220 1822 303 1863 hoc
323 1835 496 1877 quoque
517 1836 659 1862 onells
691 1821 1039 1877 magnitudinem
1058 1821 1227 1863 meti-112
1289 1823 1398 1868 Quis
1421 1823 1540 1866 enim

138 1879 247 1920 mihi
270 1888 344 1919 aut
365 1892 502 1918 mores
524 1854 788 1919 excolendi0
778 1878 834 1919 sit
849 1878 1020 1928 modus,
1049 1887 1098 1919 ut
1118 1894 1191 1919 eos
1214 1894 1301 1920 non
1320 1880 1538 1921 immerito

140 1936 390 1992 probaverit
411 1935 702 1976 sanctissimus
720 1936 899 1976 censor?
930 1943 1005 1976 aut
1026 1936 1183 1984 studia,
1205 1951 1255 1977 ne
1274 1936 1477 1978 fefellisse
1496 1938 1541 1978 in

140 1993 207 2034 his
241 1993 387 2035 videm
420 1992 676 2055 ριίηείρεῐη,
707 2001 756 2033 ut
787 1993 830 2033 in
865 1994 1082 2042 omnibus,
1115 1993 1176 2033 ita
1211 1993 1254 2033 in
1289 1993 1541 2048 eloquentia

140 2064 331 2114 quoque,
362 2048 780 2091 eminentissimum?
841 2049 972 2095 Quod
996 2049 1177 2090 sinemo
1194 2050 1373 2091 mir-atui
1387 2059 1538 2106 poetas

139 2108 354 2148 maximos
369 2121 482 2162 saepe
497 2105 666 2156 fecisse,
683 2116 730 2147 ut
744 2120 832 2147 non
851 2106 992 2147 solum
1012 2107 1146 2147 initiis
1168 2121 1272 2162 open
1278 2123 1348 2148 um
1366 2122 1542 2149 suorum

142 2164 325 2206 Musas
316 2179 388 2205 mv
392 2178 443 2205 oc
447 2171 584 2213 nent
616 2162 690 2205 sed
726 2163 919 2218 provecti
942 2178 1115 2219 quoque
1138 2164 1328 2219 longius,
1361 2179 1459 2205 cum
1483 2165 1539 2206 ad

140 2221 329 2277 aliquem
360 2221 602 2276 g1·av·ioiem
637 2221 856 2261 venissent
883 2219 1045 2270 locum,
1078 2230 1322 2277 repetelent
1345 2228 1461 2266 vota.
1493 2231 1540 2262 et

141 2277 260 2319 velut
293 2293 407 2319 nova
441 2277 692 2342 precatione
723 2286 970 2318 uter-·entui
962 2310 971 2328 ,
1005 2278 1113 2318 mihi
1134 2292 1307 2333 quoque
1336 2279 1538 2333 profecto

141 2335 301 2391 poterit
323 2334 507 2391 ignosci,
537 2334 588 2385 si,
619 2333 735 2390 quod
771 2334 912 2386 initio,
945 2348 1046 2376 cum
1079 2349 1269 2391 primum
1300 2334 1413 2377 lianc
1446 2351 1540 2377 ma-

186 2483 238 2521 (1)
263 2482 442 2518 Domitilla,
467 2490 558 2512 soror
579 2479 771 2516 Domitiani,
795 2480 897 2511 filiam
921 2481 1038 2512 habuit
1055 2481 1199 2512 Flaviam
1224 2481 1441 2517 Domitillam,
1468 2491 1541 2521 quae

142 2527 252 2563 nupsit
267 2525 376 2555 Flavio
391 2525 563 2561 Clementi,
587 2525 778 2555 consobrino
799 2525 987 2561 Domitiani,
1014 2535 1055 2555 ex
1081 2536 1149 2565 quo
1171 2527 1318 2564 suscepit
1344 2527 1426 2555 duos
1442 2526 1539 2561 filios,

141 2579 281 2608 quorum
305 2578 386 2598 elna
401 2569 575 2598 commissa
592 2575 641 2599 est
659 2569 766 2599 labio.
814 2570 915 2598 Erant
942 2568 1043 2607 igitur
1068 2579 1106 2607 pi
1109 2581 1188 2609 o·p12=
1172 2571 1199 2598 'e
1217 2577 1298 2608 nepa
1292 2580 1333 2598 ses
1349 2568 1453 2598 smmis
1475 2570 1541 2599 Do-

141 2612 278 2650 mitiani,
304 2622 379 2649 non,
404 2616 442 2642 ut
465 2613 637 2643 Turnebus
663 2616 771 2652 putat,
796 2617 913 2652 nepotes
935 2622 974 2641 ex
999 2622 1105 2644 sorme.
1151 2615 1191 2644 V.
1211 2612 1368 2643 Dodwell.
1391 2614 1474 2642 Ann.
1499 2614 1541 2644 Q.

142 2664 170 2684 c
194 2658 244 2686 534,

185 2700 236 2737 (2)
263 2699 425 2728 Honorem
447 2697 564 2736 judicii
589 2698 675 2736 quod
697 2698 738 2728 de
766 2708 819 2729 me
840 2699 922 2729 tulit
944 2699 1044 2729 Divus
1060 2699 1155 2729 Domi
1160 2700 1279 2729 tianus.
1329 2697 1435 2736 Impia
1457 2697 1541 2728 adu-

140 2741 240 2773 latio!
286 2743 412 2772 Laudat
430 2749 463 2771 ut
481 2750 649 2771 censorem
675 2743 929 2779 sanctissimum,
954 2743 1021 2773 imo
1046 2747 1084 2773 ut
1107 2745 1224 2779 Deum,
1249 2752 1349 2782 quem
1368 2742 1408 2771 ob
1427 2741 1542 2771 nefan-

139 2786 197 2816 das
214 2785 362 2817 libidines
379 2795 474 2816 nemo
491 2795 554 2815 non
571 2785 785 2817 abhorrebat!
813 2786 855 2817 R.
903 2788 1025 2818 PERP.
1050 2787 1227 2817 CENSOR.
1246 2795 1371 2819 nummi
1391 2790 1458 2814 ant.
1482 2784 1516 2814 Ο.
