2015 3341
397 71 484 111 214
833 77 930 110 Lm.
961 78 1072 110 vnr.
1133 78 1241 108 cn.
1274 78 1353 108 111.

399 166 562 209 fantem
586 181 709 209 suum
732 174 891 217 mater3
925 174 983 216 et,
1016 166 1151 208 sicubi
1182 166 1319 220 majus
1340 164 1505 206 lucrum
1527 173 1607 215 est,
1637 179 1784 220 pugna

399 224 512 266 inter
535 225 733 265 victores.
788 224 909 265 Licet
929 224 1043 264 enim
1068 223 1162 264 haec
1184 223 1344 270 omnia,
1367 229 1414 262 ut
1436 222 1543 271 dixi,
1566 222 1784 276 complec-

401 288 518 321 tatur
540 282 710 330 eversio,
735 281 874 320 minus
896 288 962 321 est
978 288 1120 319 tamen
1141 288 1279 319 totum
1297 278 1456 327 dicere,
1475 293 1603 332 quam
1627 278 1783 318 omnia.

403 335 732 392 Consequemur
765 345 910 377 autem
933 344 981 377 ut
1004 335 1230 376 manifesta
1252 336 1353 383 sint,
1386 335 1420 375 si
1443 336 1603 375 fuerint
1622 334 1710 375 veri
1729 333 1786 374 si-

403 394 524 434 milia
539 411 552 435 .·
576 406 619 434 et
640 394 788 435 licebit
801 393 932 434 etiam
956 392 1063 433 falso
1085 392 1303 447 adfingere
1317 391 1527 445 quidquid
1548 391 1639 433 fieri
1660 389 1786 432 solet.

404 449 638 507 Contingit
653 451 806 491 eudem
824 449 999 491 claritas
1021 450 1150 491 etiam
1174 463 1229 490 ex
1249 447 1550 499 accidentibus,

807 555 1130 612 ZlIibz'fiigidus
1151 554 1299 596 horror

459 612 659 655 Membra
681 615 838 670 quatit,
854 613 1098 672 gelidasque
1115 611 1448 668 coitjbrmidine
1468 610 1638 668 sanguis
1654 626 1667 652 .·
1686 616 1745 661 et,

583 705 776 763 Trepida>
792 714 947 749 matres
958 722 1143 764 pressere
1160 706 1402 763 adpectora
1425 711 1560 747 natos.

405 795 551 854 Atque
573 797 700 853 hujus
722 815 918 850 summae,
942 801 1115 856 judicio
1134 801 1309 857 quidem
1332 815 1446 850 me0‚
1477 799 1647 841 virtutis
1670 797 1793 841 facil-

405 853 512 895 lima
533 865 596 895 est
615 856 704 896 via:
740 858 949 898 Naturam
969 859 1228 908 intueamur,
1247 857 1356 899 hanc
1374 872 1621 912 sequamur:
1654 856 1794 897 omnis

407 910 659 966 eloquentia
682 915 797 954 circa
819 929 950 970 opera
972 916 1073 956 vitae
1091 926 1175 966 est;
1208 915 1259 956 ad
1284 929 1327 956 se
1346 915 1476 955 refert
1496 915 1676 969 quisque
1695 926 1793 968 quae

409 968 555 1020 audit3
589 976 633 1009 et
663 969 705 1009 id
739 971 941 1012 facillime
971 973 1190 1029 accipiunt
1212 972 1360 1020 animi,
1392 971 1506 1026 quod
1537 978 1793 1024 agnoscunt.

410 1023 638 1065 Praeclarae
658 1041 757 1068 vero
779 1028 832 1068 ad
863 1029 1133 1070 inferendum
1167 1030 1293 1070 rebus
1322 1028 1462 1068 lucem
1495 1037 1675 1082 repertae
1698 1033 1797 1070 sunt

410 1081 731 1125 similitudines:
765 1100 943 1139 quarum
976 1085 1072 1126 aliae
1107 1094 1206 1126 sunt
1237 1100 1328 1140 quae
1356 1084 1624 1139 probationis
1657 1083 1797 1138 gratia

409 1137 522 1178 inter
553 1152 803 1194 argumenta
827 1154 1075 1196 ponuntur;
1107 1142 1202 1183 aliae
1227 1142 1278 1182 ad
1304 1141 1632 1196 exprimendam
1655 1153 1797 1181 rerum

409 1194 645 1252 imaginem
668 1199 938 1254 compositae,
969 1198 1084 1255 quod
1109 1207 1173 1240 est
1191 1198 1317 1254 hujus
1340 1197 1424 1239 loci
1446 1197 1690 1255 proprium:

989 1310 1093 1352 Inde
1112 1311 1202 1368 lupi
1224 1326 1297 1353 cea

525 1365 742 1424 Raptores
764 1374 864 1409 atra
888 1370 935 1410 in
956 1369 1107 1411 nebula
1122 1377 1257 1420 .·—et,

523 1478 670 1526 Misit,
693 1481 765 1522 avi
782 1481 945 1531 similis,
968 1496 1060 1537 quae
1079 1481 1235 1522 circum
1255 1480 1422 1530 littora,
1446 1481 1603 1522 circum

529 1535 722 1578 Piscosos
743 1539 945 1596 scopulos,
968 1538 1136 1580 humilis
1157 1538 1275 1580 volat
1296 1539 1619 1594 (equorajaecxta.

473 1651 575 1697 Quo
610 1652 650 1692 iu
687 1665 845 1707 genere
868 1651 911 1693 id
948 1659 1013 1692 est
1047 1652 1263 1707 praecipue
1285 1651 1635 1701 custodiendum,
1666 1665 1719 1691 ne
1741 1650 1803 1701 id,

416 1709 533 1763 quod
573 1708 870 1750 similitudinis
906 1709 1044 1763 gratia
1079 1709 1323 1757 ascivimus,
1355 1718 1430 1750 aut
1464 1710 1694 1750 obscurum
1732 1708 1803 1757 sit,

417 1773 492 1806 aut
522 1766 744 1820 ignotum:
778 1765 910 1806 debet
943 1766 1075 1815 enim,
1107 1766 1222 1821 quod
1260 1766 1522 1807 illustrandas
1545 1765 1719 1806 alterius
1742 1764 1803 1806 rei

418 1822 557 1876 gratia
579 1823 823 1872 assumitur,
855 1822 993 1877 ipsum
1030 1837 1120 1863 esse
1152 1822 1308 1863 clarius
1339 1839 1391 1864 eo
1423 1823 1538 1878 quod
1574 1821 1804 1862 illuminat.

419 1879 565 1924 Quare
588 1894 687 1921 sane
709 1880 849 1936 poetis
871 1879 1045 1936 quidem
1070 1881 1370 1936 permittamus
1388 1878 1636 1937 hujusmodi
1658 1892 1806 1920 exem-

418 1934 514 1991 pla:

539 2050 710 2100 Qualis,
732 2051 805 2093 ubi
825 2050 1053 2108 hybernum
1076 2050 1256 2107 Lyciam
1281 2050 1701 2107 Xanthiquefluenta

536 2107 725 2158 Deserit,
747 2116 824 2150 auc
845 2108 988 2150 Delon
1006 2115 1244 2149 >maternam
1267 2109 1428 2159 invisit,
1445 2108 1606 2165 Apollo
1623 2125 1636 2150 .-

419 2238 507 2266 non
525 2223 639 2264 idem
660 2223 834 2265 decebit
851 2230 1140 2271 oratoremfflt
1161 2221 1344 2263 occultis
1361 2229 1508 2278 aperta
1526 2222 1809 2264 domonstret¹

423 2281 508 2322 Sed
533 2281 636 2322 illud
657 2295 844 2336 quoque,
875 2280 928 2320 de
951 2295 1036 2334 quo
1060 2280 1102 2320 in
1134 2282 1398 2334 argumentis
1422 2279 1626 2329 diximus,
1657 2279 1808 2321 simili-

422 2338 586 2379 tudinis
610 2353 742 2392 genus
764 2346 887 2379 ornat
907 2337 1165 2386 orationem,
1197 2336 1386 2390 facitque
1415 2336 1660 2384 sublimem,
1691 2336 1810 2376 flori-

424 2395 542 2443 dam,
571 2395 828 2452 jucundam,
868 2393 1129 2434 mirabilem:
1162 2408 1260 2434 nam
1295 2407 1380 2447 quo
1421 2407 1603 2448 quaeque
1638 2393 1810 2447 longius

423 2452 562 2508 petita
594 2460 674 2501 est,
707 2451 790 2491 hoc
824 2450 918 2506 plus
951 2449 1076 2490 affert
1110 2450 1329 2499 novitatis,
1373 2457 1501 2505 atque
1534 2451 1812 2506 inexpectata

423 2509 563 2563 magis
581 2518 659 2549 est.
700 2507 775 2548 llla
798 2507 989 2562 vulgaria
1010 2507 1146 2547 videri
1172 2513 1366 2562 possunt,
1389 2514 1433 2547 et
1457 2505 1579 2547 utilia
1595 2515 1736 2547 tamen
1756 2506 1810 2548 ad

424 2565 750 2606 conciliandum
772 2564 919 2610 fidem,
955 2562 1013 2604 Ut
1045 2571 1205 2604 terram
1226 2563 1355 2612 cultu,
1384 2565 1441 2604 sic
1471 2565 1657 2605 animum
1686 2563 1813 2603 disci-

419 2622 556 2679 plinis
584 2622 797 2663 meliorem
829 2619 1288 2675 uberioremquefieri:
1321 2628 1381 2670 et,
1418 2619 1476 2661 Ut
1497 2620 1650 2661 medici
1670 2619 1811 2660 abali-

427 2685 552 2719 enata
576 2679 730 2720 morbis
751 2678 936 2719 membra
947 2678 1206 2733 praecicluut,
1238 2678 1301 2718 ita
1319 2682 1460 2732 turpes
1475 2692 1525 2718 ac
1537 2677 1812 2734 perniciosos,

428 2736 556 2777 etiam
576 2736 611 2778 si
625 2735 742 2778 nobis
757 2735 959 2793 sanguine
977 2735 1226 2787 cohereant,
1247 2734 1541 2791 amputandos,
1596 2735 1695 2778 Jam
1713 2734 1812 2776 suba
