2015 3341
420 145 477 187 :38
896 155 993 184 211³.
1028 154 1082 182 11.
1147 151 1254 182 cAP.
1288 152 1343 182 11.

420 247 603 292 crescet,
633 239 708 282 sed
732 238 965 289 dividetur,
995 239 1068 294 qui
1091 239 1170 279 sub
1193 252 1278 279 uno
1300 238 1560 280 miscebatur
1575 236 1726 290 labor3
1756 242 1803 279 et

421 298 504 338 erit
525 299 589 338 sui
611 299 791 352 quisque
813 298 954 351 operis
982 296 1188 350 magister
1216 294 1386 335 utilior:
1417 296 1533 350 quod
1559 296 1701 336 adhue
1723 296 1804 335 ob-

422 353 566 394 tinent
587 354 748 403 Graeei,
779 367 804 393 a
828 351 991 393 Latinis
1013 352 1217 392 omissum
1236 359 1299 391 est
1317 368 1326 392 :
1359 358 1404 391 et
1424 352 1514 392 fieri
1537 353 1706 394 videtur
1726 366 1804 393 ex-

421 417 587 460 cusate,
618 410 719 465 quia
740 416 840 450 sunt
860 409 932 464 qui
957 408 1092 449 labori
1117 408 1184 448 isti
1209 416 1520 449 successerunt.

482 466 542 507 Π.
576 466 744 508 ERGO
764 481 863 506 eum
885 466 939 506 ad
961 480 1031 506 eas
1051 466 1095 506 in
1117 464 1271 506 studiis
1291 466 1398 506 vires
1420 464 1664 520 pervenerit
1683 477 1808 520 puer,

423 530 473 563 ut
505 537 602 578 quae
640 523 778 579 prima
812 537 903 563 esse
938 529 1160 578 praecepta
1193 521 1415 562 rhetorum
1448 521 1637 562 diximus
1664 530 1808 572 mente

424 579 633 635 consequi
650 580 801 636 possit.
824 579 1058 620 tradendus
1076 579 1166 634 ejus
1184 579 1285 619 artis
1303 578 1517 634 magistris
1538 578 1634 619 erit.
1686 577 1809 622 Quo-

424 651 520 678 rum
542 637 583 678 in
609 637 757 692 primis
779 636 933 692 inspici
956 649 1081 677 mores
1097 636 1325 690 oportebit.
1388 635 1517 690 Quod
1537 649 1620 690 ego
1637 648 1724 675 non
1746 634 1812 675 id-

425 693 544 734 circo
568 694 840 748 potissimum
878 694 922 735 in
953 693 1035 734 hae
1070 703 1192 749 parte
1225 700 1408 734 tractare
1439 707 1533 740 sum
1567 705 1810 747 aggressus,

425 751 529 806 quia
551 765 637 792 non
660 751 703 792 in
727 751 896 792 caeteris
923 764 1095 805 quoque
1118 750 1369 791 doctoribus
1399 748 1515 789 idem
1538 748 1622 789 hoe
1644 747 1812 789 exami-

424 807 620 849 nandum
653 823 784 864 quam
816 807 1148 863 diligentissime
1183 816 1347 863 putem,
1380 806 1491 847 sieut
1513 813 1692 848 testatus
1717 819 1811 848 sum

425 864 541 905 libro
564 865 722 921 priore,
754 865 827 906 sed
851 864 969 920 quod
1006 864 1144 920 magis
1177 863 1463 906 necessariam
1486 864 1577 919 ejus
1599 863 1659 903 rei
1690 875 1812 902 men-

425 922 592 963 tionem
616 921 723 964 faeit
743 933 846 964 aetas
868 923 960 978 ipsa
981 921 1256 963 discentium.
1318 920 1433 961 Nam
1469 927 1514 961 et
1550 919 1686 960 adulti
1723 917 1813 959 fere

426 979 550 1035 pueri
576 979 628 1020 ad
655 979 732 1020 hos
755 988 1042 1035 praeeeptores
1073 978 1404 1028 transferuntur,
1433 984 1477 1017 et
1497 977 1610 1033 apud
1640 990 1714 1018 eos
1741 976 1816 1031 ju:-

427 1050 558 1077 venes
580 1037 711 1078 etiam
730 1037 832 1078 faeti
852 1043 1154 1092 perseverant:
1188 1035 1372 1090 ideoque
1401 1035 1538 1090 major
1567 1032 1817 1080 adhibenda,

430 1100 523 1134 turn
549 1108 652 1134 eura
679 1101 768 1144 est;
799 1101 847 1134 ut
868 1103 911 1133 et
933 1093 1166 1133 teneriores
1189 1107 1324 1133 annos
1345 1092 1399 1132 ab
1426 1091 1582 1146 injuria
1611 1090 1816 1131 sanctitas

432 1150 631 1191 docentis
664 1151 898 1199 custodiat,
920 1157 960 1190 et
980 1150 1210 1190 ferociores
1229 1165 1251 1189 a
1269 1148 1445 1190 lieentia
1466 1149 1653 1204 gravitas
1675 1147 1817 1187 deter-

430 1215 539 1249 reat.
600 1207 756 1262 Neque
778 1221 879 1247 vero
902 1207 1003 1247 satis
1026 1214 1090 1250 est
1122 1220 1331 1247 summam
1366 1214 1567 1260 praestare
1599 1204 1820 1245 abstinen-

432 1265 555 1314 tiam,
580 1264 660 1305 nisi
683 1264 927 1319 disciplinae
949 1264 1177 1305 severitate
1200 1263 1555 1304 convenientium
1572 1275 1744 1319 quoque
1765 1259 1820 1315 ad

433 1335 479 1362 se
503 1336 642 1363 mores
664 1328 924 1365 astrinxerit.

492 1378 644 1420 Sumat
665 1379 797 1434 igitur
819 1385 918 1422 ante
947 1377 1094 1419 omnia
1121 1375 1311 1434 parentis
1340 1391 1443 1432 erga
1464 1373 1700 1431 discipulos
1723 1387 1821 1415 suos

434 1436 645 1485 animum,
678 1451 727 1477 ae
762 1434 993 1477 succedere
1019 1449 1062 1475 se
1085 1436 1128 1476 in
1152 1448 1301 1475 eorum
1324 1432 1486 1484 locum,
1519 1448 1543 1473 a
1565 1433 1720 1487 quibus
1739 1431 1821 1473 sibi

433 1491 562 1536 liberi
585 1493 827 1542 traduntur,
859 1492 1095 1533 existimet.
1160 1491 1256 1547 Ipse
1290 1505 1371 1532 nee
1396 1490 1556 1531 habeat
1590 1489 1712 1539 vitia,
1742 1502 1824 1531 nec

435 1550 561 1594 ferat.
623 1550 723 1592 Non
748 1550 973 1591 austeritas
994 1549 1086 1603 ejus
1109 1549 1257 1599 tristis3
1280 1562 1367 1588 uon
1389 1547 1599 1588 dissoluta
1615 1548 1670 1587 sit
1686 1546 1825 1588 eomi-

436 1617 528 1649 tas:
562 1622 614 1649 ne
637 1607 737 1648 inde
760 1608 927 1657 odium,
951 1605 1053 1649 bine
1072 1613 1347 1662 contemptus
1370 1605 1545 1647 oriatur.
1608 1604 1826 1646 Plurimus

437 1666 477 1706 ei
501 1665 554 1707 de
578 1665 760 1706 honesto
783 1680 832 1706 ae
857 1665 972 1704 bono
990 1663 1045 1704 sit
1068 1677 1234 1704 sermo:
1268 1677 1367 1703 nain
1389 1677 1474 1717 quo
1495 1661 1650 1718 saepius
1672 1675 1827 1702 monu-

438 1723 538 1773 erit,
581 1722 667 1763 hoc
706 1723 838 1763 rarius
882 1720 1128 1775 castigabit.
1206 1719 1394 1760 Minime
1435 1717 1693 1770 iracundus;
1743 1732 1825 1759 nec

439 1787 587 1823 tamen
606 1794 770 1829 eorum,
803 1794 899 1834 quae
922 1776 1193 1819 emendanda
1214 1783 1354 1825 erunt,
1379 1775 1694 1817 dissimulator:
1728 1775 1829 1828 sim?

439 1837 543 1893 plex
577 1837 621 1877 in
656 1836 872 1885 docendo,
903 1834 1071 1892 patiens
1110 1834 1285 1883 laboris,
1318 1833 1513 1874 assiduus
1534 1832 1677 1889 potius
1699 1847 1828 1888 quam

441 1894 719 1936 immodicus.
780 1891 1155 1948 Interrogantibus
1197 1890 1383 1932 libenter
1419 1889 1695 1946 respondeat,
1740 1903 1830 1942 non

441 1951 760 2006 interrogantes
782 1957 1060 2007 percontetur
1081 1948 1210 1989 ultro.
1273 1947 1321 1988 In
1347 1947 1575 1988 laudandis
1593 1945 1831 2003 discipulo-

442 2023 539 2050 rum
563 2008 828 2049 dictionibus
850 2021 930 2048 nee
956 2009 1017 2059 (1)
1051 2005 1284 2060 malignus,
1314 2019 1394 2045 nee
1415 2004 1600 2046 effusus:
1632 2004 1733 2059 quia
1763 2018 1830 2044 res

444 2065 582 2107 altera
601 2064 779 2107 taedium
796 2064 972 2113 laboris,
991 2062 1125 2104 altera
1144 2063 1417 2103 securitatem
1438 2062 1564 2117 parit.
1614 2060 1664 2102 In
1683 2075 1831 2102 emen-

446 2123 610 2179 dando,
640 2137 737 2177 quae
759 2120 1017 2178 corrigenda
1049 2127 1189 2170 erunt,
1223 2134 1306 2160 non
1337 2120 1532 2170 acerbus,
1565 2119 1831 2174 minimeque

447 2179 813 2222 contumeliosus:
847 2193 945 2219 nam
979 2177 1022 2218 id
1056 2177 1233 2232 quidem
1269 2176 1428 2217 multos
1449 2191 1474 2216 a
1496 2176 1719 2232 proposito
1742 2174 1832 2216 stu*-

449 2236 583 2278 dendi
617 2237 757 2292 fugat,
790 2235 907 2292 quod
930 2234 1108 2291 quidem
1129 2235 1190 2275 sie
1218 2235 1467 2289 objurgant,
1501 2233 1619 2289 quasi
1644 2233 1832 2275 oderint.

450 2293 551 2350 Ipse
593 2293 776 2349 aliquid,
826 2295 914 2334 imo
957 2291 1095 2333 multa
1133 2291 1329 2347 quotidie
1371 2291 1504 2340 dieat,
1548 2305 1645 2345 quae
1687 2304 1835 2340 seeum

451 2351 602 2393 audita
632 2350 831 2393 referant.
895 2349 1018 2391 Licet
1038 2349 1152 2389 enim
1174 2348 1275 2392 satis
1305 2347 1607 2403 exemplorum
1644 2347 1697 2387 ad
1735 2347 1834 2388 imi-

452 2408 633 2449 tandum
652 2422 706 2451 ex
720 2407 910 2449 lectione
928 2406 1192 2462 suppeditet,
1212 2414 1355 2446 tamen
1374 2406 1469 2446 viva
1488 2403 1579 2454 illa,
1600 2403 1837 2454 indicitur,

452 2480 535 2507 vox
555 2465 634 2506 alit
660 2464 845 2520 plenius,
877 2464 1182 2519 praecipueque
1218 2462 1522 2518 praeceptoris3
1555 2475 1682 2516 quem
1705 2461 1837 2517 disei-

454 2522 564 2578 puli,
596 2523 630 2563 si
666 2522 796 2562 modo
830 2529 946 2562 reete
975 2530 1072 2561 sunt
1095 2520 1297 2568 instituti,
1329 2529 1372 2560 et
1392 2526 1539 2560 amant
1558 2526 1601 2558 et
1622 2528 1836 2561 verentur.

454 2580 542 2622 Vix
573 2587 717 2621 autem
752 2578 838 2620 dici
876 2586 1034 2635 potest,
1066 2586 1229 2634 quanto
1262 2577 1468 2618 libentius
1501 2575 1720 2622 imitemur
1747 2590 1839 2628 eos,

455 2637 613 2695 quibus
635 2636 843 2677 favemus.
1649 2636 1666 2643 ”
1835 2642 1839 2646 “

515 2693 705 2738 Minime
721 2708 821 2735 vero
842 2691 1132 2749 permittenda
1153 2690 1312 2747 pueris,
1332 2697 1380 2731 ut
1396 2690 1446 2731 fit
1460 2689 1575 2746 apud
1598 2689 1842 2747 plerosque,

546 2810 600 2852 (1)
620 2810 727 2845 Nimis
747 2819 878 2852 parcus.
925 2808 1070 2852 ,Haligno
1085 2808 1262 2863 opponitur
1285 2807 1441 2849 benignus,
1463 2807 1495 2839 id
1513 2811 1573 2846 cst,
1596 2806 1756 2841 liberalis.
