2015 3341
640 119 703 150 nn
736 117 1107 149 ηΕευΊ-ΛΤῙΟΝΕ.
1484 108 1565 148 155

175 211 305 252 quam
349 198 600 252 defendere,
633 208 796 256 quanto
836 200 980 241 facere
1017 213 1147 255 quam
1186 211 1335 240 sanare
1370 196 1567 250 vulnera,

175 255 367 297 facilius.

238 312 477 355 Plurimum
497 322 641 356 autem
663 314 809 366 refert,
841 322 884 355 et
907 313 1012 372 quid
1032 312 1262 371 protulerit
1282 311 1568 365 adversarius,

177 374 225 408 et
245 382 321 422 quo
343 371 479 412 modo.

236 425 430 468 Primum
448 429 581 483 igitur
598 428 854 470 intuendum
873 435 952 478 est,
985 427 1026 468 id
1047 427 1116 469 cui
1135 427 1378 482 responsuri
1404 442 1567 479 sumus,

176 484 400 538 proprium
423 485 478 526 sit
499 485 779 541 (jusjudicii,
802 500 854 525 an
877 485 929 524 ad
953 499 1126 525 causam
1147 494 1271 524 extra
1293 485 1567 527 arcessitum:

177 552 279 580 naun
302 541 335 580 si
364 548 428 581 est
457 543 694 597 proprium,
727 549 801 582 aut
834 540 1098 596 negandum,
1130 548 1204 580 aut
1226 540 1568 592 defendendum,

178 606 253 635 aut
275 597 642 639 transferendum:
676 607 801 638 extra
833 597 927 638 haec
963 598 1004 637 in
1027 597 1207 652 judiciis
1237 597 1326 638 fere
1355 598 1462 640 nihil
1487 610 1567 640 est.

180 649 442 707 Deprecatio
465 655 658 708 quidem,
688 669 785 709 quae
808 662 874 694 est
895 654 984 694 sine
1009 654 1098 694 ulla
1120 653 1263 708 specie
1286 653 1568 706 defensionis,

177 721 273 748 rara
293 710 544 760 admodum,
577 719 621 751 et
641 711 754 766 apud
780 725 852 750 eos
873 710 987 750 solos
1002 710 1191 765 judices,
1226 710 1296 765 qui
1318 711 1434 752 nulla
1451 721 1571 753 certa

178 766 489 818 pronuntiandi
532 767 670 807 forma
711 776 933 807 tenentur:
979 781 1222 821 quanquam
1267 766 1352 808 illae
1397 783 1570 825 quoque

177 821 292 875 apud
319 822 368 862 C.
385 823 616 873 Caesarem,
651 832 696 864 et
719 823 980 872 triumviros,
1002 838 1078 878 pro
1094 823 1359 865 diversarum
1381 825 1569 878 partium

178 875 429 920 hominibus
451 881 660 931 actiones,
694 881 824 920 etiam
853 879 886 920 si
911 881 1110 936 precibus
1136 889 1327 929 utuntur,
1359 881 1570 924 adhibent

181 940 325 975 tamen
347 937 609 992 patrocinia:
642 937 723 978 nisi
745 937 829 978 hoc
851 951 937 978 non
961 936 1192 978 fortissime
1216 936 1486 979 defendentis
1505 948 1571 981 est

180 991 346 1035 dicere:
382 994 501 1040 Quid
538 994 656 1036 aliud
693 994 878 1050 egimus,
909 994 1098 1043 Tubero,
1130 993 1212 1034 nisi
1247 1002 1308 1043 ut,
1341 995 1458 1049 quod
1495 995 1570 1038 hic

181 1057 341 1106 potest,
373 1065 451 1092 nos
476 1053 725 1107 possemus?
769 1051 896 1098 Quod
924 1051 956 1091 si
979 1050 1153 1106 quando
1176 1051 1289 1106 apud
1314 1052 1571 1109 principem,

181 1106 371 1149 aliumve
405 1109 474 1149 cui
505 1118 647 1150 utrum
677 1107 782 1150 velit
817 1109 959 1157 liceat,
993 1108 1224 1149 dicendum
1249 1109 1353 1159 erit3
1387 1109 1570 1165 dignum

179 1163 355 1217 quidem
380 1173 520 1206 morte
549 1180 647 1207 eum
682 1180 758 1221 pro
793 1180 878 1220 quo
912 1165 1156 1220 loquemur,
1189 1165 1393 1207 clementi
1426 1177 1571 1210 tamen

181 1221 438 1263 servandum
461 1237 552 1263 esse
572 1221 638 1264 vel
655 1222 805 1263 talem:
840 1223 1025 1277 primum
1048 1223 1258 1272 omnium,
1284 1238 1367 1264 non
1391 1225 1471 1266 erit
1494 1240 1571 1266 no-

180 1277 247 1319 bis
276 1292 340 1318 res
373 1294 470 1320 cum
503 1279 762 1330 adversario,
795 1280 869 1320 sed
903 1294 1001 1320 Cum
1026 1279 1199 1334 judice3
1234 1280 1408 1330 deinde,
1432 1281 1572 1324 forma

182 1333 478 1377 deliberativas
518 1337 657 1392 magis
698 1337 890 1378 materiae
933 1351 1063 1390 quam
1111 1336 1335 1391 judicialis
1378 1346 1571 1382 utemur:

183 1392 461 1434 suadebimus
494 1395 624 1443 enim,
656 1403 704 1434 ut
738 1394 907 1435 laudem
950 1394 1228 1434 humanitatis
1266 1393 1409 1449 potius
1440 1411 1599 1450 quarn*

182 1448 453 1504 voluptatem
485 1450 660 1492 ultionis
692 1450 983 1505 concupiscat.
1043 1450 1172 1506 Apud
1201 1451 1372 1506 judices
1395 1453 1573 1508 quidem

184 1506 417 1547 secundum
434 1507 550 1562 leges
565 1509 755 1548 dicturos
770 1507 1041 1557 sententiam,
1057 1507 1110 1547 de
1124 1508 1329 1548 confessis
1344 1510 1572 1565 praecipere

181 1561 413 1604 ridiculum
435 1572 513 1605 est.
566 1564 699 1619 Ergo,
722 1580 818 1620 quae
839 1579 977 1619 neque
996 1564 1160 1619 negari,
1193 1579 1331 1619 neque
1355 1568 1572 1610 transferri

181 1628 376 1675 possunt,
422 1622 567 1676 utique
621 1621 894 1663 defendenda.
947 1628 1060 1671 sunt,
1103 1621 1419 1679 qualiacunque
1463 1624 1569 1677 sint3

182 1684 258 1717 aut
278 1691 405 1718 causa
430 1680 491 1729 (l)
515 1678 771 1720 cedendum.

241 1733 444 1790 Ncgandi
477 1735 690 1791 duplicem
725 1735 992 1776 ostendimus
1021 1735 1226 1777 formam:
1260 1743 1334 1776 aut
1367 1751 1452 1778 non
1480 1752 1571 1780 esse

182 1788 372 1843 factum3
405 1802 480 1832 aut
507 1807 593 1833 non
617 1792 700 1834 hoc
723 1807 815 1833 esse
838 1793 951 1848 quod
975 1791 1139 1833 factum
1164 1793 1232 1833 sit.
1294 1793 1404 1838 Quae
1432 1809 1573 1852 neque

183 1847 376 1898 defendi,
409 1864 550 1904 neque
583 1850 799 1891 transferri
834 1857 1028 1905 possunt,
1061 1850 1210 1904 utique
1242 1851 1460 1904 neganda3
1492 1866 1573 1894 nec

183 1905 321 1946 solum
343 1906 378 1948 si
408 1907 549 1947 finitio
579 1916 723 1962 potest
750 1922 842 1948 esse
875 1922 951 1962 pro
974 1907 1114 1956 nobis,
1149 1907 1221 1947 sed
1245 1908 1373 1947 etiam
1400 1909 1431 1948 si
1455 1909 1572 1952 nuda

181 1962 383 2003 infitiatio
405 1973 620 2019 superest:
655 1971 772 2006 testes
793 1967 944 2005 erunt?
969 1964 1105 2004 multa
1127 1965 1168 2005 in
1185 1979 1258 2004 eos
1277 1964 1421 2005 <licere
1443 1964 1571 2009 licet:

181 2018 545 2076 chirographum?
576 2021 629 2061 de
670 2021 953 2065 similitudine
994 2020 1214 2062 literarum
1252 2021 1569 2067 disserendum:

183 2077 334 2130 utique
354 2078 459 2120 nihil
482 2079 563 2120 erit
586 2079 708 2134 pejus
730 2093 858 2134 quam
881 2077 1113 2120 confessio.

240 2133 408 2176 Ultima
427 2142 491 2176 est
520 2136 700 2176 actionis
733 2136 1040 2186 controversia,
1071 2151 1168 2179 cum
1197 2135 1461 2180 defendendi
1495 2152 1572 2179 ne-

183 2190 370 2246 gandive
403 2207 488 2235 non
518 2200 584 2234 est
614 2192 750 2242 locus,
783 2192 1027 2234 translatio.
1087 2193 1220 2248 Atqui
1243 2194 1436 2248 quaedam
1455 2203 1570 2246 sunt,

182 2263 280 2302 quae
303 2262 442 2303 neque
464 2250 629 2304 negari,
659 2264 799 2305 neque
828 2249 1019 2299 defendi,
1053 2264 1192 2305 neque
1225 2251 1441 2293 transferri
1473 2267 1572 2308 pos„

184 2312 298 2346 sunt.
332 2336 341 2346 .
374 2306 518 2352 Quare
541 2306 645 2348 illud
669 2307 918 2349 stultissime
939 2307 1208 2362 praecipitur3
1243 2308 1359 2362 quod
1394 2308 1570 2354 defendi

182 2375 271 2403 non
291 2363 442 2417 possit,
473 2362 642 2405 silentio
664 2363 1048 2413 dissimulandum3
1082 2363 1114 2404 si
1138 2365 1311 2419 quidcu]
1336 2375 1401 2406 est
1423 2365 1484 2416 id,
1516 2366 1570 2409 de

185 2431 270 2472 quo
287 2419 425 2474 judex
447 2421 806 2476 prominciaturus
828 2431 917 2461 est:
949 2429 1007 2470 at,
1031 2421 1063 2461 si
1081 2429 1202 2462 extra
1219 2437 1390 2463 cansam
1415 2422 1470 2464 sit
1492 2423 1570 2466 ad„

185 2474 380 2524 ductum,
411 2484 455 2517 et
499 2486 641 2520 tamen
681 2479 976 2534 conjunctum,
1006 2478 1155 2519 malim
1194 2479 1369 2533 quidem
1411 2479 1571 2531 dicere,

183 2530 295 2573 nihil
329 2532 371 2573 id
400 2533 452 2574 ad
476 2533 777 2588 quaestionem,
810 2549 891 2576 nec
922 2549 1013 2576 esse
1047 2534 1090 2577 in
1122 2535 1189 2576 his
1222 2536 1494 2586 morandum,
1526 2546 1572 2578 et

182 2588 324 2630 minus
345 2603 435 2635 esse
457 2605 585 2651 quam
607 2591 873 2636 adversarius
896 2592 1028 2637 dicit:
1062 2596 1127 2644 (2)
1153 2600 1294 2635 tamen
1316 2592 1434 2636 velut
1466 2592 1569 2636 huie

233 2697 284 2736 (1)
311 2697 398 2728 Cadit
412 2707 541 2735 caussa,
565 2699 621 2738 qui
646 2699 824 2730 infeliciter
845 2709 919 2730 eam
946 2698 1110 2734 defendit;
1137 2697 1224 2733 cedit,
1249 2697 1385 2737 quinon
1403 2698 1569 2737 defendit;

187 2741 236 2772 uti
255 2742 493 2780 Gesnerusjam
510 2747 600 2772 recte
615 2744 799 2773 adnotavit:
826 2744 915 2773 male
931 2743 1030 2780 igitur
1044 2742 1180 2781 quidam
1199 2742 1314 2780 legunt
1327 2741 1502 2774 cadendum.
1528 2743 1569 2777 O.

230 2785 282 2825 (2)
308 2785 472 2819 Simulare
487 2790 599 2828 potest
614 2791 775 2828 patronus
791 2787 931 2819 oblitum
950 2796 984 2818 se
996 2787 1194 2827 respondere
1209 2785 1285 2817 huic
1301 2785 1384 2818 loco.
