2015 3341
523 162 589 202 im
621 171 820 202 cauam:
855 164 1244 202 numnam-ivo.
1519 157 1577 207 89

184 256 299 301 stare
314 252 407 310 jam
430 254 742 310 rempublicam
761 253 842 296 nisi
868 268 954 295 uno
977 262 1156 308 regente
1172 268 1258 294 non
1283 266 1426 308 posse.
1471 251 1587 298 Nam

185 312 262 366 qui
284 312 337 352 de
359 325 402 352 re
431 311 595 353 nefaria
625 311 852 360 deliberat,
884 310 929 351 id
963 311 1100 353 solum
1133 311 1305 366 quaerit,
1338 325 1425 366 quo
1454 311 1588 352 modo

187 382 316 424 quam
339 368 565 408 minimum
589 382 769 423 peccare
792 367 1004 408 videatur.

247 423 443 466 Multum
480 424 610 465 refert
646 425 797 474 etiam,
826 439 922 479 quae
957 424 1013 464 sit
1045 438 1230 479 persona
1263 423 1510 475 suadentisg
1544 431 1589 464 et

188 481 292 535 quia
313 489 512 522 anteacta
533 481 637 531 vita,
669 481 703 520 si
726 480 906 521 illustris
927 480 1026 529 suit,
1055 488 1131 521 aut
1151 479 1309 521 clarius
1332 495 1484 536 genus,
1514 489 1590 521 aut

190 548 314 588 aetas,
336 548 409 579 aut
423 537 611 587 fortuna,
634 536 759 577 affert
775 537 1144 592 expectationem,
1165 537 1483 592 providendum
1509 547 1591 588 est,

189 607 247 636 ne
279 609 376 649 quae
410 593 628 642 dicuntur,
658 594 712 633 ab
743 607 795 634 eo
829 594 902 647 qui
940 593 1062 642 dicit,
1094 593 1369 635 dissentiant.
1429 593 1489 635 At
1523 594 1590 635 his

189 651 408 693 contraria
427 649 746 691 submissiorem
764 649 981 704 quendam
1004 649 1181 689 modum
1206 650 1441 704 postulant.
1475 651 1591 692 Nam

191 722 292 762 quae
314 708 356 748 in
379 707 474 748 aliis
490 706 667 746 libertas
688 714 769 754 est,
793 707 836 745 in
859 705 954 745 aliis
976 705 1155 746 licentia
1177 716 1369 748 vocatur.
1418 706 1475 747 Et
1494 708 1591 762 qui-

191 763 375 806 busdam
396 762 555 804 sufficit
577 761 839 812 auctorita53
871 761 1084 817 quosdam
1117 762 1228 802 ratio
1263 762 1355 818 ipsa
1385 778 1502 820 aegre
1527 772 1593 806 tu-

192 829 306 865 etur.
345 841 381 850 --

251 876 446 931 Ideoque
473 874 606 930 longe
637 873 744 915 mihi
770 872 1040 915 difficillimae
1065 872 1266 914 videntur
1294 877 1359 926 (l)
1383 890 1594 932 prosopo-

193 933 337 989 poeiae,
370 933 413 974 in
436 932 593 988 quibus
623 931 676 971 ad
710 929 923 986 reliquum
956 930 1157 971 suasoriae
1182 929 1390 972 laborem
1423 935 1595 975 aceedit

195 988 328 1037 etiam
367 1004 565 1045 personae
607 987 857 1029 difficultas.
919 987 1119 1042 Namque
1158 987 1275 1029 idem
1317 988 1424 1029 illud
1469 990 1594 1032 aliter

196 1046 513 1098 Caesar,'aliter
533 1045 705 1094 Cicero,
738 1043 864 1085 aliter
886 1044 997 1085 Cato
1020 1045 1200 1085 suadere
1229 1044 1421 1087 debebit.
1494 1047 1594 1089 Uti-

194 1099 360 1150 lissima
379 1117 480 1156 vero
503 1101 598 1144 haec
613 1101 886 1151 exercitatio,
920 1101 983 1142 vel
1007 1101 1123 1156 quod
1147 1101 1334 1157 duplicis
1357 1110 1421 1143 est
1435 1118 1597 1159 operae,

196 1159 265 1202 vel
293 1160 410 1216 quod
445 1160 584 1215 poetis
615 1173 805 1213 quoque,
837 1166 913 1199 aut
935 1159 1211 1199 historiarum
1234 1158 1388 1200 futuris
1410 1161 1596 1216 scripto-

196 1217 315 1271 ribus
338 1217 571 1273 plurimum
593 1216 788 1256 confert:
823 1230 971 1256 verum
993 1222 1038 1255 et
1066 1216 1308 1257 oratoribus
1330 1219 1593 1270 necessaria3

195 1288 296 1315 nam
315 1283 414 1319 sunt
434 1270 576 1318 multae
593 1288 618 1313 a
631 1271 799 1313 Graecis
818 1272 1069 1327 Latinisque
1087 1272 1343 1328 compositae
1360 1274 1596 1325 orationes,

198 1331 357 1385 quibus
386 1330 464 1376 alii
498 1335 736 1381 uterentur,
766 1329 820 1370 ad
841 1343 1025 1384 quorum
1053 1330 1350 1370 conditionem
1376 1331 1597 1387 vitamque

202 1387 409 1444 aptanda,
452 1402 550 1442 quae
592 1385 865 1437 dicebantur,
909 1385 1097 1427 fuerunt.
1157 1387 1226 1427 An
1267 1387 1421 1433 eodem
1463 1390 1597 1430 modo

201 1444 431 1499 cogitavit,
464 1451 538 1484 aut
567 1442 751 1492 eandem
783 1457 1011 1499 personam
1040 1443 1181 1484 induit
1203 1447 1277 1495 (Q),
1294 1443 1466 1494 Cicero,
1496 1461 1597 1488 cum

204 1502 411 1543 scriberet
433 1500 515 1542 Cn.
539 1499 769 1556 Pompeio,
801 1507 845 1550 et
878 1514 977 1540 curn
1012 1499 1064 1542 C.
1079 1499 1242 1556 Appio,
1273 1503 1516 1545 caeterisve?
1546 1518 1597 1544 ac

206 1573 312 1609 non,
343 1557 678 1613 uniuscujusque
696 1571 842 1597 eorum
862 1555 1096 1607 fortunam,
1113 1558 1389 1612 dignitatem,
1411 1574 1477 1600 res
1499 1574 1598 1615 ges-

206 1623 270 1656 tas
309 1615 506 1664 intuitus,
538 1614 751 1663 omnium,
779 1613 936 1668 quibus
970 1627 1118 1667 vocem
1151 1614 1297 1664 dabat,
1330 1616 1462 1656 etiam
1487 1617 1598 1658 ima·

206 1673 350 1728 ginem
373 1670 614 1726 expressit?
645 1679 692 1711 ut
718 1669 873 1711 melius
894 1669 1086 1725 quidem,
1116 1670 1190 1712 sed
1225 1679 1368 1712 tamen
1402 1672 1501 1728 ipsi,
1532 1674 1599 1715 di-

203 1743 303 1770 cere
325 1728 590 1769 viderentur.
651 1727 805 1782 Neque
829 1726 945 1768 enim
965 1728 1106 1768 minus
1126 1727 1283 1769 vitiosa
1300 1737 1366 1769 est
1386 1731 1541 1780 oratio,
1563 1731 1599 1773 si

205 1787 261 1827 ab
282 1785 475 1834 homine,
506 1799 637 1839 quam
659 1784 693 1824 si
714 1799 738 1824 a
761 1798 821 1833 re,
852 1783 923 1824 cui
957 1785 1279 1827 accommodari
1312 1785 1480 1837 debuit,
1513 1788 1601 1828 dis-

206 1842 335 1884 sidet.
394 1841 588 1897 Ideoque
612 1841 760 1897 Lysias
781 1841 946 1896 optime
963 1840 1135 1883 videtur
1155 1842 1199 1883 in
1223 1842 1289 1893 iis,
1321 1858 1417 1898 quae
1440 1846 1600 1887 scribe-

206 1901 284 1941 bat
304 1898 509 1948 indoctis,
542 1912 730 1939 servasse
754 1898 945 1939 veritatis
966 1898 1114 1940 fidem.
1286 1936 1289 1939 ,

265 1956 497 1997 Enimvero
518 1955 729 2011 praecipue
751 1954 1115 1996 declamatoribus
1134 1956 1495 1999 considerandum
1520 1967 1601 2011 est,

207 2013 313 2069 quid
336 2013 491 2067 cuique
511 2026 708 2068 personae
729 2012 988 2063 conveniat3
1020 2012 1093 2068 qui
1126 2014 1404 2069 paucissimus
1426 2024 1603 2057 contro-

206 2071 365 2111 versias
390 2070 452 2111 ita
473 2069 628 2110 dicunt
647 2078 695 2110 ut
720 2071 782 2122 (3)
806 2068 1029 2120 advocati3
1053 2068 1306 2126 plerumque
1327 2071 1422 2121 filii,
1446 2081 1601 2128 patreS,

207 2127 379 2177 divites,
410 2141 547 2175 seneS,
579 2125 735 2182 asperi,
757 2125 892 2177 lenes,
921 2126 1054 2176 avari,
1086 2126 1277 2182 denique
1299 2130 1602 2184 superstitiosi,

209 2184 370 2235 timidi,
401 2183 612 2224 derisores
651 2183 783 2224 fiunt:
829 2191 877 2223 ut
911 2183 985 2224 vix
1026 2185 1341 2235 comoediarum
1382 2188 1602 2229 actoribus

208 2241 352 2296 plures
385 2240 560 2281 habitus
592 2240 634 2281 in
670 2239 993 2295 pronuntiando
1026 2241 1302 2297 concipiendi
1341 2243 1441 2293 sint,
1474 2260 1605 2299 quam

205 2297 274 2341 his
295 2298 340 2341 in
360 2297 564 2341 dicendo.
625 2296 737 2345 Quae
755 2296 902 2338 omnia
920 2296 1054 2338 videri
1075 2307 1257 2354 possunt
1267 2302 1598 2357 prosopopoeiae;

257 2430 308 2471 (1)
334 2430 396 2460 Hic
418 2439 478 2470 per
489 2429 701 2471 prosopopoez'as
724 2429 880 2469 intelligit
906 2428 1175 2474 declamationes,
1199 2429 1231 2459 in
1249 2430 1369 2469 quibus
1386 2429 1531 2471 aliquem
1549 2433 1606 2463 de-

211 2473 408 2504 liberantem
424 2474 628 2511 inducimus:
655 2473 796 2503 alienam
826 2483 1001 2512 personam
1023 2473 1179 2512 gerimus
1226 2474 1316 2504 Dicit
1332 2479 1445 2504 antem
1463 2487 1518 2506 eas
1535 2487 1606 2515 esse

214 2516 338 2559 duplicis
350 2520 454 2556 operte,
478 2518 556 2558 quia
572 2518 605 2547 iu
621 2517 660 2547 iis
676 2520 710 2546 et
726 2517 857 2547 suaderi
874 2521 1016 2555 oportet,
1041 2520 1075 2546 et
1091 2517 1214 2546 servari
1226 2518 1382 2547 decorum
1401 2529 1557 2556 personae.

260 2562 312 2600 (2)
337 2561 451 2591 Cicero
481 2561 657 2600 aliquando
683 2561 847 2591 nobilibus
874 2561 1031 2591 Romanis
1057 2560 1220 2590 orationes
1245 2562 1420 2598 scribebat,
1444 2573 1524 2601 quas
1556 2564 1605 2596 illi

215 2604 418 2641 ediscebant,
443 2608 476 2634 et
491 2605 524 2636 in
537 2607 668 2640 Senatu,
693 2609 754 2634 aut
768 2605 859 2643 apud
876 2604 1035 2643 populum
1052 2604 1320 2643 pronuntiabant.
1369 2604 1459 2635 Turn.

264 2647 316 2686 (3)
341 2648 378 2677 In
390 2648 593 2678 scholasticis
603 2648 896 2679 declamationibus
913 2649 1067 2686 agebant,
1084 2657 1148 2678 non
1166 2652 1204 2677 ut
1219 2648 1383 2683 advocati,
1402 2653 1439 2678 ut
1454 2650 1604 2688 patroni;

218 2691 275 2721 sed
294 2695 332 2720 ut
347 2690 394 2722 rei
409 2691 469 2730 ipsi
482 2701 493 2728 ς
518 2688 590 2729 filii,
613 2695 736 2730 patres,
763 2692 824 2723 Sec,
872 2692 992 2731 Itaque
1013 2691 1216 2731 prosopopoez'oe
1244 2691 1328 2720 nullo
1352 2691 1411 2721 alio
1431 2703 1450 2721 α
1469 2693 1608 2723 suasoriis

217 2743 307 2777 qnam
318 2741 443 2773 persona
458 2733 587 2766 distant:
611 2734 690 2775 quia
702 2735 734 2764 in
750 2735 898 2766 suasoria
913 2736 975 2767 sub
984 2744 1126 2777 persona
1142 2738 1254 2766 nostra
1270 2735 1457 2774 suademus,
1482 2737 1515 2769 in
1530 2747 1608 2777 pro-

220 2778 392 2818 sopopoeia
407 2777 495 2809 idem
511 2777 651 2810 facimus
665 2779 726 2810 sub
742 2778 861 2813 aliena.
