2015 3341
390 84 474 123 3:55
861 96 956 128 ΜΒ.
991 99 1088 129 xn.
1151 98 1258 128 cap.
1293 99 1342 127 x.

1677 130 1696 143 t

388 180 601 235 profluere
638 195 897 231 sermonem,
928 197 1013 238 qua
1044 193 1161 225 certe
1198 183 1490 226 delectatione
1522 183 1629 226 nihil
1668 181 1774 238 fingi

389 237 527 291 majus
551 245 714 292 potest:
749 240 822 279 sed
847 254 1056 281 summam
1079 254 1321 295 aggressus,
1356 251 1401 281 ut
1431 241 1473 281 in
1508 241 1678 296 Ulysse,
1709 240 1773 280 fa·-

387 295 609 343 eundiam,
627 296 971 350 magnitudinem
996 296 1054 337 illi
1069 296 1237 352 junxit,
1254 298 1323 338 cui
1346 298 1583 338 orationem
1603 297 1773 338 nivibus

388 348 579 391 hibernis
611 359 655 391 et
676 352 804 407 copia
824 353 1051 393 verborum
1073 360 1201 408 atque
1234 355 1398 409 impetu
1433 367 1576 409 parem
1607 353 1774 394 tribuit.

390 404 499 446 Cum
518 406 600 447 hoc
619 409 751 462 igitur
768 423 895 449 nemo
913 409 1154 450 mortalium
1171 410 1427 451 contendet:
1454 411 1566 451 hunc
1581 419 1628 451 ut
1645 409 1774 451 deum

387 461 586 503 homines
606 464 908 506 intuebuntur:
941 465 1053 507 hanc
1077 468 1160 507 vim
1184 474 1228 507 et
1250 466 1516 507 celeritatem
1539 467 1579 507 in
1605 465 1773 508 Pericle

387 519 569 560 miratur
584 520 784 576 Eupolis:
804 521 914 562 hanc
931 521 1185 563 fulminibus
1203 523 1514 578 Aristophanes
1528 529 1772 579 comparat:

385 574 483 616 haec
502 586 569 616 est
590 592 688 618 vera
709 578 880 619 dicendi
905 577 1099 619 facultas.
1140 579 1225 620 Sed
1247 594 1385 635 neque
1405 579 1469 620 his
1493 580 1627 620 tribus
1650 578 1771 635 quasi

387 631 536 672 formis
560 633 725 674 inclusa
741 634 992 689 eloquentia
1020 643 1103 676 est:
1138 651 1253 686 nam,
1287 645 1333 676 ut
1354 636 1463 677 inter
1485 636 1647 691 gracile
1665 635 1772 676 vali-

385 688 575 744 dumque
600 691 770 732 tertium
796 691 958 746 aliquid
983 693 1265 734 constitutum
1287 700 1372 743 est;
1399 693 1459 733 ita
1476 693 1774 734 horuminter-

386 745 498 785 valla
518 758 632 787 sunt.
692 748 836 803 Atque
869 749 980 789 inter
1014 748 1109 791 haec
1143 750 1236 806 ipsa
1269 750 1441 790 mistum
1476 750 1683 806 quiddam
1717 763 1774 790 ex

386 801 554 843 duobus
587 804 778 845 medium
811 812 897 846 est:
930 820 1128 860 quorum,
1158 816 1203 847 et
1234 806 1380 847 subtili
1418 806 1587 861 plenius
1608 805 1772 860 aliquid

387 867 515 914 atque
540 861 753 910 subtilius,
771 870 814 901 et
837 862 1078 903 vehementi
1099 864 1314 904 remissius
1331 871 1459 918 atque
1475 863 1772 904 vehementius

385 917 622 967 lnvenitur3
656 918 829 959 utillud
865 919 958 960 lene
984 932 1059 960 aut
1086 920 1282 960 ascendit
1303 919 1356 960 ad
1387 920 1580 970 fortiora,
1612 929 1686 960 aut
1714 919 1769 960 ad

387 975 582 1014 tenuiora
603 976 891 1016 submittitur:
923 991 973 1017 ac
1003 977 1063 1017 sic
1096 991 1229 1032 prope
1254 977 1585 1018 innumerabiles
1608 976 1772 1031 species

385 1031 670 1084 reperiuntur,
685 1046 781 1085 quae
795 1033 942 1087 utique
956 1032 1101 1087 aliquo
1120 1041 1339 1073 momento
1358 1033 1468 1074 inter
1485 1048 1528 1074 se
1547 1033 1770 1083 differant;

385 1087 496 1126 sicut
518 1095 701 1141 quatuor
722 1090 977 1143 generaliter
1000 1100 1150 1129 ventos
1167 1105 1191 1130 a
1210 1090 1391 1130 totidem
1410 1090 1558 1130 mundi
1583 1089 1772 1130 cardini-

387 1144 465 1183 bus
486 1146 729 1199 accepimus
752 1146 870 1194 flare,
886 1161 981 1186 cum
1007 1145 1177 1186 interim
1202 1146 1373 1201 plurimi
1393 1146 1540 1196 medii,
1562 1154 1772 1187 eteorum

388 1201 489 1240 varii
511 1202 658 1250 etium,
683 1202 906 1257 regionum
923 1218 972 1242 ac
990 1202 1215 1242 fluminum
1237 1205 1514 1258 proprietate,
1533 1203 1772 1259 deprehen-

384 1259 556 1297 dantur.
620 1258 869 1313 Eademque
893 1259 1065 1299 musicis
1082 1259 1191 1300 ratio
1215 1268 1295 1308 est,
1327 1260 1400 1314 qui
1422 1275 1518 1301 cum
1543 1261 1587 1301 in
1605 1259 1772 1301 cithara

381 1314 574 1368 quinque
607 1316 927 1356 constituerunt
966 1330 1108 1365 sonos,
1152 1315 1335 1371 plurima
1370 1316 1527 1358 deinde
1565 1317 1771 1358 varietate

383 1371 608 1425 complent
626 1373 762 1427 spatia
785 1372 858 1413 illa
874 1387 1119 1422 nervorum,
1149 1383 1277 1428 atque
1299 1373 1365 1423 iis,
1398 1389 1505 1429 quos
1526 1374 1769 1429 interposu-

384 1439 525 1478 erunt,
559 1429 752 1470 inserunt
768 1429 889 1478 alios,
912 1438 958 1470 ut
980 1430 1103 1485 pauci
1130 1430 1187 1470 illi
1217 1430 1416 1471 transitus
1439 1430 1596 1471 multos
1610 1430 1771 1486 gradus

387 1485 591 1526 habeant.
653 1485 803 1526 Plures
846 1487 978 1542 igitur
1018 1487 1148 1527 etiam
1189 1487 1452 1542 eloquentiae
1493 1487 1647 1528 facies:
1695 1487 1770 1529 sed

383 1542 683 1583 stultissimum
704 1558 894 1598 quaerere
916 1543 968 1583 ad
993 1558 1122 1599 quam
1146 1552 1336 1584 recturus
1359 1558 1403 1585 se
1426 1544 1480 1585 sit
1495 1552 1655 1594 orator,
1673 1559 1771 1585 cum

384 1599 526 1639 omnis
548 1600 730 1655 species,
761 1615 853 1654 quae
871 1600 1002 1642 modo
1024 1608 1141 1641 recta
1170 1611 1249 1650 est,
1282 1601 1440 1642 habeat
1470 1616 1610 1650 usum,
1641 1609 1771 1656 atque

386 1657 428 1696 id
455 1656 590 1710 ipsunt
617 1672 742 1697 omne
765 1658 820 1696 sit
841 1658 1038 1707 oratoris,
1072 1658 1185 1712 quod
1208 1657 1338 1713 vulgo
1358 1673 1486 1715 genus
1509 1657 1674 1699 dicendi
1696 1673 1772 1698 vo-

382 1723 498 1753 cant.
564 1713 720 1754 Utetur
760 1715 892 1763 enim,
923 1726 970 1755 ut
1010 1729 1075 1754 res
1112 1715 1274 1770 exiget,
1304 1716 1527 1756 omnibus:
1572 1729 1651 1756 nec
1693 1729 1770 1771 pro

381 1785 513 1810 causa
534 1770 682 1820 modo,
715 1771 788 1811 scd
822 1782 864 1811 et
898 1786 975 1827 pro
1010 1772 1202 1825 partibus
1237 1786 1391 1813 causae,
1454 1773 1583 1821 Nam,
1614 1779 1770 1813 utnon

380 1826 537 1867 eodem
564 1827 692 1867 modo
719 1843 793 1882 pro
812 1842 882 1868 reo
906 1828 1074 1883 capitis,
1097 1839 1140 1870 et
1164 1829 1205 1868 in
1230 1829 1465 1870 certamine
1487 1828 1772 1879 haereditatis,

381 1883 496 1924 etde
521 1884 761 1925 interdictis
783 1899 833 1925 ac
861 1886 1180 1940 sponsionibus,
1211 1895 1255 1925 et
1285 1885 1339 1926 de
1372 1896 1491 1927 certa
1524 1901 1568 1926 re
1602 1886 1770 1927 credita

382 1942 521 1991 dicet;
553 1942 857 1982 sententiarum
881 1943 921 1981 in
946 1953 1112 1991 senatu,
1144 1949 1188 1982 et
1204 1943 1482 1993 concionum,
1514 1953 1556 1984 et
1579 1943 1769 1997 privato-

380 2013 472 2039 rum
492 1998 771 2038 consiliorum
793 1999 980 2039 servabit
1001 1999 1272 2049 discrimina:
1299 1999 1429 2040 vitam
1447 2015 1499 2041 ex
1523 1999 1770 2040 differentia

382 2069 680 2110 personarum,
713 2055 923 2105 locorum,
956 2063 1285 2110 temporumque
1308 2057 1515 2107 mutabit3
1547 2057 1607 2097 ita
1636 2057 1676 2097 in
1700 2071 1771 2097 ea-

381 2113 483 2153 ‹lein
506 2114 701 2152 oratione
729 2111 854 2151 aliter
884 2113 1156 2153 conciliabit:
1191 2127 1276 2153 non
1306 2127 1360 2154 ex
1390 2114 1542 2154 iisdem
1577 2114 1770 2169 partibus

383 2171 489 2210 iram
525 2177 569 2208 et
597 2169 933 2209 misericordiam
969 2178 1109 2225 petet;
1142 2169 1244 2210 alias
1277 2170 1330 2211 ad
1367 2170 1631 2220 docendum,
1664 2170 1769 2212 alias

380 2227 435 2266 ad
463 2226 722 2266 movendum
743 2225 969 2266 adhibebit
990 2234 1115 2269 artes.
1160 2226 1261 2267 Non
1284 2242 1391 2268 unus
1413 2227 1533 2268 color
1550 2229 1769 2283 prooemii,

381 2283 656 2330 narrationis,
679 2290 1047 2337 argumentorum,
1070 2283 1343 2338 egressionis,
1368 2285 1666 2340 perorationis,
1681 2299 1769 2326 ser-

381 2340 567 2380 vabitur.
630 2339 763 2379 Dicet
783 2339 897 2379 idem
919 2341 1121 2395 graviter,
1152 2354 1314 2391 severe,
1345 2342 1515 2391 acriter,
1533 2341 1768 2382 vehemen-

382 2411 463 2445 ter,
482 2397 712 2446 concitate,
730 2397 922 2451 copiose,
935 2411 1096 2446 amare,
1110 2397 1307 2448 comiter,
1330 2398 1518 2448 remisse,
1536 2398 1768 2449 subtiliter,

380 2454 559 2503 blande,
591 2452 759 2502 leniter,
792 2453 989 2501 dulciter,
1023 2454 1224 2503 breviter,
1262 2456 1447 2506 urbane3
1481 2470 1566 2496 non
1609 2456 1768 2510 ubique

383 2511 527 2559 simul,
551 2511 623 2550 sed
656 2511 900 2564 ubicunque
924 2526 998 2566 par
1020 2512 1088 2552 sit.
1150 2511 1221 2551 Sic
1244 2512 1334 2561 fiet,
1367 2527 1465 2553 cum
1499 2512 1559 2562 id,
1592 2520 1769 2567 propter

378 2568 495 2621 quod
534 2567 718 2608 maxime
756 2575 947 2620 repertus
987 2579 1052 2608 est
1089 2583 1188 2608 usus
1228 2569 1451 2619 orationis,
1482 2577 1529 2609 ut
1565 2570 1681 2610 dicat
1723 2578 1768 2610 et

379 2624 559 2672 utiliter,
590 2633 649 2673 et,
681 2624 734 2664 ad
758 2623 1033 2665 efficiendum
1057 2625 1171 2679 quod
1197 2624 1400 2675 intendit,
1421 2635 1645 2682 potenter3
1674 2636 1764 2668 tum

373 2681 547 2723 laudem
582 2696 770 2737 quoque,
801 2695 880 2722 nec
914 2682 1143 2723 doctorum
1180 2683 1329 2732 modo,
1362 2683 1434 2724 scd
1470 2684 1599 2724 etiam
1629 2685 1763 2740 vulgi,

373 2751 676 2794 consequatur.
737 2738 963 2782 falluntur
980 2739 1095 2781 euim
1117 2738 1369 2796 plurimum,
1400 2740 1472 2797 qui
1496 2740 1698 2783 vitiosum
1721 2750 1765 2784 et
