<?xml version="1.0" encoding="UTF-8"?>
<!DOCTYPE html PUBLIC "-//W3C//DTD XHTML 1.0 Transitional//EN"
    "http://www.w3.org/TR/xhtml1/DTD/xhtml1-transitional.dtd">
<html xmlns="http://www.w3.org/1999/xhtml" xml:lang="en" lang="en">
 <head>
  <title>
</title>
<meta http-equiv="Content-Type" content="text/html;charset=utf-8" />
  <meta name='ocr-system' content='tesseract 3.04.00' />
  <meta name='ocr-capabilities' content='ocr_page ocr_carea ocr_par ocr_line ocrx_word'/>
</head>
<body>
  <div class='ocr_page' id='page_1' title='image "./deinstitutioneor00quinuoft_0341.png"; bbox 0 0 2015 3341; ppageno 0'>
   <div class='ocr_carea' id='block_1_1' title="bbox 620 69 1487 118">
    <p class='ocr_par' dir='ltr' id='par_1_1' title="bbox 620 69 1487 118">
     <span class='ocr_line' id='line_1_1' title="bbox 620 69 1487 118; baseline -0.003 -1"><span class='ocrx_word' id='word_1_1' title='bbox 620 86 687 118; x_wconf 71' lang='lat' dir='ltr'>ns</span> <span class='ocrx_word' id='word_1_2' title='bbox 716 84 976 117; x_wconf 45' lang='lat' dir='ltr'>ammonias</span> <span class='ocrx_word' id='word_1_3' title='bbox 1405 69 1487 114; x_wconf 65' lang='lat'>:321</span> 
     </span>
    </p>
   </div>
   <div class='ocr_carea' id='block_1_2' title="bbox 97 176 1499 2515">
    <p class='ocr_par' dir='ltr' id='par_1_2' title="bbox 97 176 1497 1202">
     <span class='ocr_line' id='line_1_2' title="bbox 97 176 1488 237; baseline -0.002 -13"><span class='ocrx_word' id='word_1_4' title='bbox 97 176 399 225; x_wconf 76' lang='lat' dir='ltr'>hesternorum</span> <span class='ocrx_word' id='word_1_5' title='bbox 423 183 714 234; x_wconf 78' lang='lat' dir='ltr'>immemores,</span> <span class='ocrx_word' id='word_1_6' title='bbox 745 192 842 224; x_wconf 83' lang='lat' dir='ltr'>aeta</span> <span class='ocrx_word' id='word_1_7' title='bbox 859 180 1055 237; x_wconf 82' lang='lat' dir='ltr'>pueritiae</span> <span class='ocrx_word' id='word_1_8' title='bbox 1070 176 1311 224; x_wconf 69' lang='lat' dir='ltr'>recordari?</span> <span class='ocrx_word' id='word_1_9' title='bbox 1339 179 1488 226; x_wconf 77' lang='lat' dir='ltr'>Quid?</span> 
     </span>
     <span class='ocr_line' id='line_1_3' title="bbox 99 237 1490 296; baseline -0.001 -18"><span class='ocrx_word' id='word_1_10' title='bbox 99 239 218 292; x_wconf 81' lang='lat' dir='ltr'>quod</span> <span class='ocrx_word' id='word_1_11' title='bbox 240 240 434 295; x_wconf 78' lang='lat' dir='ltr'>quaedarn</span> <span class='ocrx_word' id='word_1_12' title='bbox 456 241 659 296; x_wconf 85' lang='lat' dir='ltr'>requisita</span> <span class='ocrx_word' id='word_1_13' title='bbox 682 254 726 281; x_wconf 88' lang='lat' dir='ltr'>se</span> <span class='ocrx_word' id='word_1_14' title='bbox 748 241 988 288; x_wconf 76' lang='lat' dir='ltr'>occultant,</span> <span class='ocrx_word' id='word_1_15' title='bbox 1019 246 1065 279; x_wconf 85' lang='lat' dir='ltr'>et</span> <span class='ocrx_word' id='word_1_16' title='bbox 1084 237 1233 279; x_wconf 88' lang='lat' dir='ltr'>eadem</span> <span class='ocrx_word' id='word_1_17' title='bbox 1259 238 1370 277; x_wconf 81' lang='lat' dir='ltr'>forte</span> <span class='ocrx_word' id='word_1_18' title='bbox 1393 250 1490 277; x_wconf 59' lang='lat' dir='ltr'>suc-⁴</span> 
     </span>
     <span class='ocr_line' id='line_1_4' title="bbox 101 294 1486 352; baseline -0.001 -18"><span class='ocrx_word' id='word_1_19' title='bbox 101 299 302 338; x_wconf 79' lang='lat' dir='ltr'>currunt?</span> <span class='ocrx_word' id='word_1_20' title='bbox 321 311 400 338; x_wconf 88' lang='lat' dir='ltr'>nec</span> <span class='ocrx_word' id='word_1_21' title='bbox 416 308 562 339; x_wconf 83' lang='lat' dir='ltr'>manet</span> <span class='ocrx_word' id='word_1_22' title='bbox 578 310 747 352; x_wconf 84' lang='lat' dir='ltr'><strong>semper</strong></span> <span class='ocrx_word' id='word_1_23' title='bbox 762 297 987 345; x_wconf 78' lang='lat' dir='ltr'>memoria,</span> <span class='ocrx_word' id='word_1_24' title='bbox 1007 295 1081 336; x_wconf 89' lang='lat' dir='ltr'>sed</span> <span class='ocrx_word' id='word_1_25' title='bbox 1105 294 1339 349; x_wconf 83' lang='lat' dir='ltr'>aliquando</span> <span class='ocrx_word' id='word_1_26' title='bbox 1356 294 1486 333; x_wconf 80' lang='lat' dir='ltr'>etiam</span> 
     </span>
     <span class='ocr_line' id='line_1_5' title="bbox 100 351 1492 408; baseline -0.001 -17"><span class='ocrx_word' id='word_1_27' title='bbox 100 352 238 393; x_wconf 81' lang='lat' dir='ltr'>redit?</span> <span class='ocrx_word' id='word_1_28' title='bbox 299 352 549 394; x_wconf 86' lang='lat' dir='ltr'>Nesciretur</span> <span class='ocrx_word' id='word_1_29' title='bbox 572 365 732 404; x_wconf 79' lang='lat' dir='ltr'>tamen,</span> <span class='ocrx_word' id='word_1_30' title='bbox 762 362 923 408; x_wconf 80' lang='lat' dir='ltr'>quanta</span> <span class='ocrx_word' id='word_1_31' title='bbox 947 352 1010 393; x_wconf 88' lang='lat' dir='ltr'>vis</span> <span class='ocrx_word' id='word_1_32' title='bbox 1043 359 1156 393; x_wconf 86' lang='lat' dir='ltr'>esset</span> <span class='ocrx_word' id='word_1_33' title='bbox 1186 351 1294 406; x_wconf 86' lang='lat' dir='ltr'>ejus,</span> <span class='ocrx_word' id='word_1_34' title='bbox 1326 356 1492 405; x_wconf 79' lang='lat' dir='ltr'>quanta</span> 
     </span>
     <span class='ocr_line' id='line_1_6' title="bbox 102 406 1486 463; baseline -0.001 -17"><span class='ocrx_word' id='word_1_35' title='bbox 102 407 304 450; x_wconf 79' lang='lat' dir='ltr'>divinitas</span> <span class='ocrx_word' id='word_1_36' title='bbox 327 410 414 460; x_wconf 83' lang='lat' dir='ltr'>illa,</span> <span class='ocrx_word' id='word_1_37' title='bbox 436 411 516 450; x_wconf 90' lang='lat' dir='ltr'>nisi</span> <span class='ocrx_word' id='word_1_38' title='bbox 543 415 605 463; x_wconf 89' lang='lat' dir='ltr'>(l)</span> <span class='ocrx_word' id='word_1_39' title='bbox 627 410 670 451; x_wconf 89' lang='lat' dir='ltr'>id</span> <span class='ocrx_word' id='word_1_40' title='bbox 694 410 777 451; x_wconf 87' lang='lat' dir='ltr'>hoc</span> <span class='ocrx_word' id='word_1_41' title='bbox 796 410 941 451; x_wconf 88' lang='lat' dir='ltr'>lumen</span> <span class='ocrx_word' id='word_1_42' title='bbox 962 409 1110 449; x_wconf 89' lang='lat' dir='ltr'>orandi</span> <span class='ocrx_word' id='word_1_43' title='bbox 1131 406 1377 448; x_wconf 80' lang='lat' dir='ltr'>extulisset!</span> <span class='ocrx_word' id='word_1_44' title='bbox 1402 419 1486 445; x_wconf 87' lang='lat' dir='ltr'>non</span> 
     </span>
     <span class='ocr_line' id='line_1_7' title="bbox 100 464 1488 519; baseline -0.001 -16"><span class='ocrx_word' id='word_1_45' title='bbox 100 464 216 505; x_wconf 89' lang='lat' dir='ltr'>enim</span> <span class='ocrx_word' id='word_1_46' title='bbox 239 480 378 507; x_wconf 85' lang='lat' dir='ltr'>rerum</span> <span class='ocrx_word' id='word_1_47' title='bbox 400 467 547 516; x_wconf 84' lang='lat' dir='ltr'>modo,</span> <span class='ocrx_word' id='word_1_48' title='bbox 561 467 635 508; x_wconf 87' lang='lat' dir='ltr'>sed</span> <span class='ocrx_word' id='word_1_49' title='bbox 653 467 782 508; x_wconf 86' lang='lat' dir='ltr'>etiam</span> <span class='ocrx_word' id='word_1_50' title='bbox 801 467 1046 515; x_wconf 84' lang='lat' dir='ltr'>verborum,</span> <span class='ocrx_word' id='word_1_51' title='bbox 1069 465 1265 506; x_wconf 83' lang='lat' dir='ltr'>ordinem</span> <span class='ocrx_word' id='word_1_52' title='bbox 1287 469 1488 519; x_wconf 85' lang='lat' dir='ltr'>praestat;</span> 
     </span>
     <span class='ocr_line' id='line_1_8' title="bbox 101 519 1488 578; baseline -0.001 -19"><span class='ocrx_word' id='word_1_53' title='bbox 101 533 181 561; x_wconf 86' lang='lat' dir='ltr'>nec</span> <span class='ocrx_word' id='word_1_54' title='bbox 201 535 252 562; x_wconf 84' lang='lat' dir='ltr'>ea</span> <span class='ocrx_word' id='word_1_55' title='bbox 272 537 409 578; x_wconf 85' lang='lat' dir='ltr'>pauca</span> <span class='ocrx_word' id='word_1_56' title='bbox 424 524 636 573; x_wconf 81' lang='lat' dir='ltr'>contexit,</span> <span class='ocrx_word' id='word_1_57' title='bbox 668 523 742 565; x_wconf 89' lang='lat' dir='ltr'>sed</span> <span class='ocrx_word' id='word_1_58' title='bbox 760 522 886 563; x_wconf 85' lang='lat' dir='ltr'>durat</span> <span class='ocrx_word' id='word_1_59' title='bbox 907 536 1041 577; x_wconf 88' lang='lat' dir='ltr'>prope</span> <span class='ocrx_word' id='word_1_60' title='bbox 1062 523 1105 562; x_wconf 86' lang='lat' dir='ltr'>in</span> <span class='ocrx_word' id='word_1_61' title='bbox 1124 521 1362 571; x_wconf 80' lang='lat' dir='ltr'>infinitum3</span> <span class='ocrx_word' id='word_1_62' title='bbox 1382 519 1488 568; x_wconf 77' lang='lat' dir='ltr'>etin</span> 
     </span>
     <span class='ocr_line' id='line_1_9' title="bbox 100 575 1490 636; baseline -0.001 -20"><span class='ocrx_word' id='word_1_63' title='bbox 100 575 364 632; x_wconf 84' lang='lat' dir='ltr'>longissimis</span> <span class='ocrx_word' id='word_1_64' title='bbox 384 580 627 621; x_wconf 83' lang='lat' dir='ltr'>actionibus</span> <span class='ocrx_word' id='word_1_65' title='bbox 650 581 765 636; x_wconf 86' lang='lat' dir='ltr'>prius</span> <span class='ocrx_word' id='word_1_66' title='bbox 778 579 982 619; x_wconf 84' lang='lat' dir='ltr'>audiendi</span> <span class='ocrx_word' id='word_1_67' title='bbox 1004 576 1378 634; x_wconf 63' lang='lat' dir='ltr'>passenfflafquam</span> <span class='ocrx_word' id='word_1_68' title='bbox 1398 589 1490 616; x_wconf 84' lang='lat' dir='ltr'>nie-</span> 
     </span>
     <span class='ocr_line' id='line_1_10' title="bbox 101 633 1490 691; baseline -0.001 -17"><span class='ocrx_word' id='word_1_69' title='bbox 101 635 252 675; x_wconf 81' lang='lat' dir='ltr'>moriae</span> <span class='ocrx_word' id='word_1_70' title='bbox 263 635 369 676; x_wconf 85' lang='lat' dir='ltr'>fides</span> <span class='ocrx_word' id='word_1_71' title='bbox 379 635 541 678; x_wconf 87' lang='lat' dir='ltr'>deficit.</span> <span class='ocrx_word' id='word_1_72' title='bbox 563 636 691 682; x_wconf 83' lang='lat' dir='ltr'>Quod</span> <span class='ocrx_word' id='word_1_73' title='bbox 708 646 750 677; x_wconf 91' lang='lat' dir='ltr'>et</span> <span class='ocrx_word' id='word_1_74' title='bbox 765 636 902 691; x_wconf 87' lang='lat' dir='ltr'>ipsum</span> <span class='ocrx_word' id='word_1_75' title='bbox 913 646 1214 691; x_wconf 81' lang='lat' dir='ltr'>argumentum</span> <span class='ocrx_word' id='word_1_76' title='bbox 1227 641 1306 683; x_wconf 83' lang='lat' dir='ltr'>est,</span> <span class='ocrx_word' id='word_1_77' title='bbox 1317 633 1490 673; x_wconf 84' lang='lat' dir='ltr'>subesse</span> 
     </span>
     <span class='ocr_line' id='line_1_11' title="bbox 100 688 1492 748; baseline -0.001 -18"><span class='ocrx_word' id='word_1_78' title='bbox 100 700 234 731; x_wconf 83' lang='lat' dir='ltr'>artem</span> <span class='ocrx_word' id='word_1_79' title='bbox 251 692 687 748; x_wconf 79' lang='lat' dir='ltr'>aliquam,juvarique</span> <span class='ocrx_word' id='word_1_80' title='bbox 699 693 865 733; x_wconf 83' lang='lat' dir='ltr'>ratione</span> <span class='ocrx_word' id='word_1_81' title='bbox 880 700 1072 732; x_wconf 81' lang='lat' dir='ltr'>naturam</span> <span class='ocrx_word' id='word_1_82' title='bbox 1089 708 1098 732; x_wconf 91' lang='lat'>:</span> <span class='ocrx_word' id='word_1_83' title='bbox 1117 706 1214 732; x_wconf 85' lang='lat' dir='ltr'>cuin</span> <span class='ocrx_word' id='word_1_84' title='bbox 1228 690 1358 730; x_wconf 89' lang='lat' dir='ltr'>iidem</span> <span class='ocrx_word' id='word_1_85' title='bbox 1370 688 1492 729; x_wconf 81' lang='lat' dir='ltr'>docti</span> 
     </span>
     <span class='ocr_line' id='line_1_12' title="bbox 99 747 1492 802; baseline -0.001 -15"><span class='ocrx_word' id='word_1_86' title='bbox 99 747 241 788; x_wconf 72' lang='lat' dir='ltr'>facere</span> <span class='ocrx_word' id='word_1_87' title='bbox 253 747 546 798; x_wconf 88' lang='lat' dir='ltr'>illud,indocti</span> <span class='ocrx_word' id='word_1_88' title='bbox 557 757 601 789; x_wconf 84' lang='lat' dir='ltr'>et</span> <span class='ocrx_word' id='word_1_89' title='bbox 611 749 881 790; x_wconf 80' lang='lat' dir='ltr'>inexercitati</span> <span class='ocrx_word' id='word_1_90' title='bbox 895 763 979 788; x_wconf 88' lang='lat' dir='ltr'>non</span> <span class='ocrx_word' id='word_1_91' title='bbox 990 748 1217 802; x_wconf 87' lang='lat' dir='ltr'>possimus.</span> <span class='ocrx_word' id='word_1_92' title='bbox 1231 747 1492 801; x_wconf 81' lang='lat' dir='ltr'>Quanquam</span> 
     </span>
     <span class='ocr_line' id='line_1_13' title="bbox 101 803 1489 860; baseline 0 -17"><span class='ocrx_word' id='word_1_93' title='bbox 101 803 273 844; x_wconf 89' lang='lat' dir='ltr'>invenio</span> <span class='ocrx_word' id='word_1_94' title='bbox 291 806 406 860; x_wconf 81' lang='lat' dir='ltr'>apud</span> <span class='ocrx_word' id='word_1_95' title='bbox 423 805 669 855; x_wconf 88' lang='lat' dir='ltr'>Platonem,</span> <span class='ocrx_word' id='word_1_96' title='bbox 683 806 855 846; x_wconf 83' lang='lat' dir='ltr'>obstare</span> <span class='ocrx_word' id='word_1_97' title='bbox 871 805 1227 845; x_wconf 76' lang='lat' dir='ltr'>memoriae‘usum</span> <span class='ocrx_word' id='word_1_98' title='bbox 1244 803 1489 843; x_wconf 80' lang='lat' dir='ltr'>literarum:</span> 
     </span>
     <span class='ocr_line' id='line_1_14' title="bbox 101 860 1494 917; baseline 0 -18"><span class='ocrx_word' id='word_1_99' title='bbox 101 861 307 902; x_wconf 80' lang='lat' dir='ltr'>videlicet</span> <span class='ocrx_word' id='word_1_100' title='bbox 327 862 444 916; x_wconf 91' lang='lat' dir='ltr'>quod</span> <span class='ocrx_word' id='word_1_101' title='bbox 466 862 555 913; x_wconf 81' lang='lat' dir='ltr'>illa,</span> <span class='ocrx_word' id='word_1_102' title='bbox 588 877 685 917; x_wconf 85' lang='lat' dir='ltr'>quae</span> <span class='ocrx_word' id='word_1_103' title='bbox 708 861 875 917; x_wconf 84' lang='lat' dir='ltr'>scriptis</span> <span class='ocrx_word' id='word_1_104' title='bbox 898 862 1181 916; x_wconf 78' lang='lat' dir='ltr'>reposuimus,</span> <span class='ocrx_word' id='word_1_105' title='bbox 1212 860 1331 900; x_wconf 86' lang='lat' dir='ltr'>velut</span> <span class='ocrx_word' id='word_1_106' title='bbox 1349 869 1494 900; x_wconf 70' lang='lat' dir='ltr'>custo-³·</span> 
     </span>
     <span class='ocr_line' id='line_1_15' title="bbox 103 916 1494 974; baseline -0.001 -17"><span class='ocrx_word' id='word_1_107' title='bbox 103 916 193 958; x_wconf 84' lang='lat' dir='ltr'>dire</span> <span class='ocrx_word' id='word_1_108' title='bbox 215 918 466 968; x_wconf 82' lang='lat' dir='ltr'>desinimus,</span> <span class='ocrx_word' id='word_1_109' title='bbox 498 927 543 959; x_wconf 89' lang='lat' dir='ltr'>et</span> <span class='ocrx_word' id='word_1_110' title='bbox 575 919 666 974; x_wconf 84' lang='lat' dir='ltr'>ipsa</span> <span class='ocrx_word' id='word_1_111' title='bbox 697 918 926 960; x_wconf 82' lang='lat' dir='ltr'>securitate</span> <span class='ocrx_word' id='word_1_112' title='bbox 954 917 1224 958; x_wconf 82' lang='lat' dir='ltr'>dimittimus.</span> <span class='ocrx_word' id='word_1_113' title='bbox 1288 917 1383 958; x_wconf 89' lang='lat' dir='ltr'>Nec</span> <span class='ocrx_word' id='word_1_114' title='bbox 1413 916 1494 956; x_wconf 89' lang='lat' dir='ltr'>du-</span> 
     </span>
     <span class='ocr_line' id='line_1_16' title="bbox 101 973 1497 1031; baseline 0 -18"><span class='ocrx_word' id='word_1_115' title='bbox 101 973 220 1014; x_wconf 88' lang='lat' dir='ltr'>bium</span> <span class='ocrx_word' id='word_1_116' title='bbox 243 982 324 1024; x_wconf 87' lang='lat' dir='ltr'>est,-</span> <span class='ocrx_word' id='word_1_117' title='bbox 341 975 444 1030; x_wconf 87' lang='lat' dir='ltr'>quin</span> <span class='ocrx_word' id='word_1_118' title='bbox 468 975 700 1031; x_wconf 86' lang='lat' dir='ltr'>plurimum</span> <span class='ocrx_word' id='word_1_119' title='bbox 718 976 759 1015; x_wconf 92' lang='lat' dir='ltr'>in</span> <span class='ocrx_word' id='word_1_120' title='bbox 779 974 861 1015; x_wconf 85' lang='lat' dir='ltr'>hac</span> <span class='ocrx_word' id='word_1_121' title='bbox 878 982 998 1030; x_wconf 83' lang='lat' dir='ltr'>parte</span> <span class='ocrx_word' id='word_1_122' title='bbox 1015 974 1156 1015; x_wconf 78' lang='lat' dir='ltr'>valeat</span> <span class='ocrx_word' id='word_1_123' title='bbox 1170 973 1326 1015; x_wconf 87' lang='lat' dir='ltr'>mentis</span> <span class='ocrx_word' id='word_1_124' title='bbox 1348 973 1497 1013; x_wconf 85' lang='lat' dir='ltr'>inten-</span> 
     </span>
     <span class='ocr_line' id='line_1_17' title="bbox 99 1030 1494 1088; baseline 0 -18"><span class='ocrx_word' id='word_1_125' title='bbox 99 1030 179 1080; x_wconf 82' lang='lat' dir='ltr'>tio,</span> <span class='ocrx_word' id='word_1_126' title='bbox 210 1042 255 1072; x_wconf 91' lang='lat' dir='ltr'>et</span> <span class='ocrx_word' id='word_1_127' title='bbox 274 1031 394 1072; x_wconf 82' lang='lat' dir='ltr'>velut</span> <span class='ocrx_word' id='word_1_128' title='bbox 412 1033 524 1073; x_wconf 86' lang='lat' dir='ltr'>acies</span> <span class='ocrx_word' id='word_1_129' title='bbox 547 1033 760 1079; x_wconf 86' lang='lat' dir='ltr'>luminum</span> <span class='ocrx_word' id='word_1_130' title='bbox 787 1047 812 1072; x_wconf 86' lang='lat' dir='ltr'>a</span> <span class='ocrx_word' id='word_1_131' title='bbox 845 1039 1075 1088; x_wconf 80' lang='lat' dir='ltr'>prospectu</span> <span class='ocrx_word' id='word_1_132' title='bbox 1109 1046 1268 1080; x_wconf 85' lang='lat' dir='ltr'>rerum,</span> <span class='ocrx_word' id='word_1_133' title='bbox 1298 1030 1494 1085; x_wconf 78' lang='lat' dir='ltr'>quasin-</span> 
     </span>
     <span class='ocr_line' id='line_1_18' title="bbox 100 1087 1492 1144; baseline 0.001 -17"><span class='ocrx_word' id='word_1_134' title='bbox 100 1094 261 1138; x_wconf 82' lang='lat' dir='ltr'>tuetur,</span> <span class='ocrx_word' id='word_1_135' title='bbox 294 1103 379 1129; x_wconf 91' lang='lat' dir='ltr'>non</span> <span class='ocrx_word' id='word_1_136' title='bbox 412 1103 574 1131; x_wconf 79' lang='lat' dir='ltr'>aversa.</span> <span class='ocrx_word' id='word_1_137' title='bbox 635 1089 766 1130; x_wconf 86' lang='lat' dir='ltr'>Unde</span> <span class='ocrx_word' id='word_1_138' title='bbox 800 1088 978 1138; x_wconf 84' lang='lat' dir='ltr'>accidit,</span> <span class='ocrx_word' id='word_1_139' title='bbox 1020 1096 1068 1129; x_wconf 89' lang='lat' dir='ltr'>ut</span> <span class='ocrx_word' id='word_1_140' title='bbox 1100 1104 1196 1143; x_wconf 82' lang='lat' dir='ltr'>quae</span> <span class='ocrx_word' id='word_1_141' title='bbox 1234 1103 1310 1144; x_wconf 88' lang='lat' dir='ltr'>per</span> <span class='ocrx_word' id='word_1_142' title='bbox 1349 1087 1492 1142; x_wconf 82' lang='lat' dir='ltr'>plures</span> 
     </span>
     <span class='ocr_line' id='line_1_19' title="bbox 102 1144 1492 1202; baseline 0.001 -18"><span class='ocrx_word' id='word_1_143' title='bbox 102 1144 192 1184; x_wconf 77' lang='lat' dir='ltr'>dies</span> <span class='ocrx_word' id='word_1_144' title='bbox 207 1145 450 1196; x_wconf 85' lang='lat' dir='ltr'>scribimus,</span> <span class='ocrx_word' id='word_1_145' title='bbox 464 1146 684 1187; x_wconf 87' lang='lat' dir='ltr'>ediscendi</span> <span class='ocrx_word' id='word_1_146' title='bbox 702 1161 846 1196; x_wconf 85' lang='lat' dir='ltr'>causa,</span> <span class='ocrx_word' id='word_1_147' title='bbox 860 1146 1130 1201; x_wconf 80' lang='lat' dir='ltr'>cogitatione</span> <span class='ocrx_word' id='word_1_148' title='bbox 1145 1146 1238 1202; x_wconf 83' lang='lat' dir='ltr'>ipsa</span> <span class='ocrx_word' id='word_1_149' title='bbox 1251 1145 1492 1187; x_wconf 83' lang='lat' dir='ltr'>contineat..</span> 
     </span>
    </p>

    <p class='ocr_par' dir='ltr' id='par_1_3' title="bbox 99 1201 1499 2515">
     <span class='ocr_line' id='line_1_20' title="bbox 159 1201 1496 1258; baseline -0.001 -16"><span class='ocrx_word' id='word_1_150' title='bbox 159 1202 315 1243; x_wconf 75' lang='lat' dir='ltr'>Artem</span> <span class='ocrx_word' id='word_1_151' title='bbox 343 1210 488 1244; x_wconf 86' lang='lat' dir='ltr'>autem</span> <span class='ocrx_word' id='word_1_152' title='bbox 520 1203 740 1244; x_wconf 85' lang='lat' dir='ltr'>memoriae</span> <span class='ocrx_word' id='word_1_153' title='bbox 777 1203 937 1258; x_wconf 89' lang='lat' dir='ltr'>primus</span> <span class='ocrx_word' id='word_1_154' title='bbox 969 1202 1210 1244; x_wconf 84' lang='lat' dir='ltr'>ostendisse</span> <span class='ocrx_word' id='word_1_155' title='bbox 1240 1202 1399 1243; x_wconf 86' lang='lat' dir='ltr'>dicitur</span> <span class='ocrx_word' id='word_1_156' title='bbox 1427 1201 1496 1242; x_wconf 77' lang='lat' dir='ltr'>Si-</span> 
     </span>
     <span class='ocr_line' id='line_1_21' title="bbox 101 1258 1492 1315; baseline 0 -17"><span class='ocrx_word' id='word_1_157' title='bbox 101 1258 321 1310; x_wconf 80' lang='lat' dir='ltr'>monides3</span> <span class='ocrx_word' id='word_1_158' title='bbox 353 1259 477 1314; x_wconf 75' lang='lat' dir='ltr'>cujus</span> <span class='ocrx_word' id='word_1_159' title='bbox 499 1260 678 1315; x_wconf 84' lang='lat' dir='ltr'>vulgata</span> <span class='ocrx_word' id='word_1_160' title='bbox 698 1259 844 1300; x_wconf 81' lang='lat' dir='ltr'>fabula</span> <span class='ocrx_word' id='word_1_161' title='bbox 861 1267 947 1300; x_wconf 85' lang='lat' dir='ltr'>est:</span> <span class='ocrx_word' id='word_1_162' title='bbox 981 1260 1093 1300; x_wconf 87' lang='lat' dir='ltr'>Cum</span> <span class='ocrx_word' id='word_1_163' title='bbox 1117 1258 1253 1315; x_wconf 79' lang='lat' dir='ltr'>pugili</span> <span class='ocrx_word' id='word_1_164' title='bbox 1284 1266 1492 1299; x_wconf 85' lang='lat' dir='ltr'>coronato</span> 
     </span>
     <span class='ocr_line' id='line_1_22' title="bbox 100 1315 1496 1373; baseline 0 -18"><span class='ocrx_word' id='word_1_165' title='bbox 100 1329 291 1366; x_wconf 83' lang='lat' dir='ltr'>carmen,</span> <span class='ocrx_word' id='word_1_166' title='bbox 322 1317 449 1372; x_wconf 84' lang='lat' dir='ltr'>quale</span> <span class='ocrx_word' id='word_1_167' title='bbox 479 1317 684 1373; x_wconf 89' lang='lat' dir='ltr'>componi</span> <span class='ocrx_word' id='word_1_168' title='bbox 707 1317 942 1358; x_wconf 83' lang='lat' dir='ltr'>victoribus</span> <span class='ocrx_word' id='word_1_169' title='bbox 975 1316 1102 1367; x_wconf 88' lang='lat' dir='ltr'>solet,</span> <span class='ocrx_word' id='word_1_170' title='bbox 1133 1315 1334 1358; x_wconf 85' lang='lat' dir='ltr'>mercede</span> <span class='ocrx_word' id='word_1_171' title='bbox 1367 1325 1496 1370; x_wconf 77' lang='lat' dir='ltr'>pacta</span> 
     </span>
     <span class='ocr_line' id='line_1_23' title="bbox 101 1372 1492 1429; baseline 0 -17"><span class='ocrx_word' id='word_1_172' title='bbox 101 1372 356 1428; x_wconf 82' lang='lat' dir='ltr'>scripsisset,</span> <span class='ocrx_word' id='word_1_173' title='bbox 387 1374 605 1429; x_wconf 80' lang='lat' dir='ltr'>abnegata</span> <span class='ocrx_word' id='word_1_174' title='bbox 638 1374 678 1415; x_wconf 91' lang='lat' dir='ltr'>ei</span> <span class='ocrx_word' id='word_1_175' title='bbox 715 1373 913 1429; x_wconf 74' lang='lat' dir='ltr'>pecuniae</span> <span class='ocrx_word' id='word_1_176' title='bbox 957 1388 1053 1429; x_wconf 80' lang='lat' dir='ltr'>pars</span> <span class='ocrx_word' id='word_1_177' title='bbox 1093 1382 1173 1424; x_wconf 85' lang='lat' dir='ltr'>est,-</span> <span class='ocrx_word' id='word_1_178' title='bbox 1205 1372 1338 1428; x_wconf 90' lang='lat' dir='ltr'>quod,</span> <span class='ocrx_word' id='word_1_179' title='bbox 1372 1386 1492 1412; x_wconf 87' lang='lat' dir='ltr'>more</span> 
     </span>
     <span class='ocr_line' id='line_1_24' title="bbox 104 1429 1495 1486; baseline 0 -17"><span class='ocrx_word' id='word_1_180' title='bbox 104 1430 243 1484; x_wconf 87' lang='lat' dir='ltr'>poetis</span> <span class='ocrx_word' id='word_1_181' title='bbox 283 1429 632 1486; x_wconf 84' lang='lat' dir='ltr'>frequentissimo</span> <span class='ocrx_word' id='word_1_182' title='bbox 674 1430 905 1486; x_wconf 74' lang='lat' dir='ltr'>digresst1S,</span> <span class='ocrx_word' id='word_1_183' title='bbox 947 1431 990 1470; x_wconf 90' lang='lat' dir='ltr'>in</span> <span class='ocrx_word' id='word_1_184' title='bbox 1029 1430 1179 1471; x_wconf 85' lang='lat' dir='ltr'>laudes</span> <span class='ocrx_word' id='word_1_185' title='bbox 1221 1429 1412 1471; x_wconf 83' lang='lat' dir='ltr'>Castoris</span> <span class='ocrx_word' id='word_1_186' title='bbox 1448 1436 1495 1469; x_wconf 81' lang='lat' dir='ltr'>et</span> 
     </span>
     <span class='ocr_line' id='line_1_25' title="bbox 105 1485 1494 1543; baseline 0 -17"><span class='ocrx_word' id='word_1_187' title='bbox 105 1485 296 1527; x_wconf 83' lang='lat' dir='ltr'>Pollucis</span> <span class='ocrx_word' id='word_1_188' title='bbox 317 1487 504 1538; x_wconf 77' lang='lat' dir='ltr'>exierat3</span> <span class='ocrx_word' id='word_1_189' title='bbox 537 1496 798 1543; x_wconf 86' lang='lat' dir='ltr'>quapropter</span> <span class='ocrx_word' id='word_1_190' title='bbox 828 1494 996 1542; x_wconf 76' lang='lat' dir='ltr'>partem</span> <span class='ocrx_word' id='word_1_191' title='bbox 1027 1489 1080 1528; x_wconf 79' lang='lat' dir='ltr'>ab</span> <span class='ocrx_word' id='word_1_192' title='bbox 1104 1487 1154 1528; x_wconf 86' lang='lat' dir='ltr'>iis</span> <span class='ocrx_word' id='word_1_193' title='bbox 1188 1494 1352 1542; x_wconf 84' lang='lat' dir='ltr'>petere,</span> <span class='ocrx_word' id='word_1_194' title='bbox 1384 1500 1494 1540; x_wconf 50' lang='lat' dir='ltr'>quom</span> 
     </span>
     <span class='ocr_line' id='line_1_26' title="bbox 100 1541 1496 1600; baseline 0.001 -18"><span class='ocrx_word' id='word_1_195' title='bbox 100 1555 196 1584; x_wconf 80' lang='lat' dir='ltr'>rum</span> <span class='ocrx_word' id='word_1_196' title='bbox 218 1541 334 1584; x_wconf 80' lang='lat' dir='ltr'>facta</span> <span class='ocrx_word' id='word_1_197' title='bbox 353 1544 628 1594; x_wconf 82' lang='lat' dir='ltr'>celebrasset,</span> <span class='ocrx_word' id='word_1_198' title='bbox 652 1545 909 1600; x_wconf 77' lang='lat' dir='ltr'>jubebatur:</span> <span class='ocrx_word' id='word_1_199' title='bbox 943 1554 986 1588; x_wconf 88' lang='lat' dir='ltr'>et</span> <span class='ocrx_word' id='word_1_200' title='bbox 1007 1544 1318 1600; x_wconf 79' lang='lat' dir='ltr'>persolverunt,</span> <span class='ocrx_word' id='word_1_201' title='bbox 1337 1552 1385 1584; x_wconf 85' lang='lat' dir='ltr'>ut</span> <span class='ocrx_word' id='word_1_202' title='bbox 1408 1551 1496 1584; x_wconf 48' lang='lat' dir='ltr'>tra-2</span> 
     </span>
     <span class='ocr_line' id='line_1_27' title="bbox 103 1599 1494 1657; baseline 0.001 -18"><span class='ocrx_word' id='word_1_203' title='bbox 103 1599 242 1640; x_wconf 81' lang='lat' dir='ltr'>ditum</span> <span class='ocrx_word' id='word_1_204' title='bbox 263 1607 348 1652; x_wconf 62' lang='lat' dir='ltr'>est}</span> <span class='ocrx_word' id='word_1_205' title='bbox 381 1615 497 1650; x_wconf 82' lang='lat' dir='ltr'>nam,</span> <span class='ocrx_word' id='word_1_206' title='bbox 519 1616 618 1643; x_wconf 88' lang='lat' dir='ltr'>cum</span> <span class='ocrx_word' id='word_1_207' title='bbox 640 1610 752 1642; x_wconf 87' lang='lat' dir='ltr'>esset</span> <span class='ocrx_word' id='word_1_208' title='bbox 769 1601 932 1657; x_wconf 78' lang='lat' dir='ltr'>grande</span> <span class='ocrx_word' id='word_1_209' title='bbox 949 1601 1197 1643; x_wconf 76' lang='lat' dir='ltr'>convivium</span> <span class='ocrx_word' id='word_1_210' title='bbox 1220 1602 1264 1642; x_wconf 88' lang='lat' dir='ltr'>in</span> <span class='ocrx_word' id='word_1_211' title='bbox 1283 1601 1494 1642; x_wconf 84' lang='lat' dir='ltr'>honorem</span> 
     </span>
     <span class='ocr_line' id='line_1_28' title="bbox 100 1657 1493 1714; baseline 0 -17"><span class='ocrx_word' id='word_1_212' title='bbox 100 1657 295 1712; x_wconf 83' lang='lat' dir='ltr'>ejusdem</span> <span class='ocrx_word' id='word_1_213' title='bbox 330 1658 538 1708; x_wconf 84' lang='lat' dir='ltr'>victoriae,</span> <span class='ocrx_word' id='word_1_214' title='bbox 570 1667 699 1714; x_wconf 85' lang='lat' dir='ltr'>atque</span> <span class='ocrx_word' id='word_1_215' title='bbox 728 1658 948 1700; x_wconf 86' lang='lat' dir='ltr'>adhibitus</span> <span class='ocrx_word' id='word_1_216' title='bbox 981 1659 1020 1699; x_wconf 91' lang='lat' dir='ltr'>ei</span> <span class='ocrx_word' id='word_1_217' title='bbox 1054 1673 1195 1700; x_wconf 81' lang='lat' dir='ltr'>coenae</span> <span class='ocrx_word' id='word_1_218' title='bbox 1228 1657 1493 1707; x_wconf 75' lang='lat' dir='ltr'>Simonides,</span> 
     </span>
     <span class='ocr_line' id='line_1_29' title="bbox 99 1714 1493 1771; baseline 0 -17"><span class='ocrx_word' id='word_1_219' title='bbox 99 1715 254 1754; x_wconf 88' lang='lat' dir='ltr'>nuntio</span> <span class='ocrx_word' id='word_1_220' title='bbox 275 1722 342 1755; x_wconf 81' lang='lat' dir='ltr'>est</span> <span class='ocrx_word' id='word_1_221' title='bbox 361 1716 545 1765; x_wconf 78' lang='lat' dir='ltr'>excitus,</span> <span class='ocrx_word' id='word_1_222' title='bbox 575 1716 691 1770; x_wconf 90' lang='lat' dir='ltr'>quod</span> <span class='ocrx_word' id='word_1_223' title='bbox 716 1730 812 1756; x_wconf 87' lang='lat' dir='ltr'>eum</span> <span class='ocrx_word' id='word_1_224' title='bbox 844 1714 930 1756; x_wconf 76' lang='lat' dir='ltr'>duo</span> <span class='ocrx_word' id='word_1_225' title='bbox 956 1716 1139 1771; x_wconf 80' lang='lat' dir='ltr'>juvenes</span> <span class='ocrx_word' id='word_1_226' title='bbox 1168 1716 1287 1770; x_wconf 84' lang='lat' dir='ltr'>equis</span> <span class='ocrx_word' id='word_1_227' title='bbox 1319 1715 1493 1756; x_wconf 82' lang='lat' dir='ltr'>advecti</span> 
     </span>
     <span class='ocr_line' id='line_1_30' title="bbox 102 1770 1495 1827; baseline 0 -15"><span class='ocrx_word' id='word_1_228' title='bbox 102 1770 346 1812; x_wconf 84' lang='lat' dir='ltr'>desiderare</span> <span class='ocrx_word' id='word_1_229' title='bbox 369 1772 576 1827; x_wconf 77' lang='lat' dir='ltr'>majorem</span> <span class='ocrx_word' id='word_1_230' title='bbox 598 1773 639 1813; x_wconf 94' lang='lat' dir='ltr'>in</span> <span class='ocrx_word' id='word_1_231' title='bbox 664 1772 842 1813; x_wconf 87' lang='lat' dir='ltr'>modum</span> <span class='ocrx_word' id='word_1_232' title='bbox 866 1772 1139 1813; x_wconf 83' lang='lat' dir='ltr'>dicebantur.</span> <span class='ocrx_word' id='word_1_233' title='bbox 1201 1772 1259 1813; x_wconf 78' lang='lat' dir='ltr'>Et</span> <span class='ocrx_word' id='word_1_234' title='bbox 1280 1771 1372 1812; x_wconf 90' lang='lat' dir='ltr'>illos</span> <span class='ocrx_word' id='word_1_235' title='bbox 1396 1772 1495 1827; x_wconf 52' lang='lat' dir='ltr'>quio</span> 
     </span>
     <span class='ocr_line' id='line_1_31' title="bbox 101 1828 1497 1885; baseline 0.001 -17"><span class='ocrx_word' id='word_1_236' title='bbox 101 1828 201 1868; x_wconf 90' lang='lat' dir='ltr'>dem</span> <span class='ocrx_word' id='word_1_237' title='bbox 223 1842 310 1868; x_wconf 88' lang='lat' dir='ltr'>non</span> <span class='ocrx_word' id='word_1_238' title='bbox 332 1829 514 1878; x_wconf 87' lang='lat' dir='ltr'>invenit,</span> <span class='ocrx_word' id='word_1_239' title='bbox 545 1829 673 1870; x_wconf 87' lang='lat' dir='ltr'>fuisse</span> <span class='ocrx_word' id='word_1_240' title='bbox 696 1837 837 1870; x_wconf 82' lang='lat' dir='ltr'>tamen</span> <span class='ocrx_word' id='word_1_241' title='bbox 855 1838 1001 1885; x_wconf 83' lang='lat' dir='ltr'>gratos</span> <span class='ocrx_word' id='word_1_242' title='bbox 1022 1844 1124 1885; x_wconf 83' lang='lat' dir='ltr'>erga</span> <span class='ocrx_word' id='word_1_243' title='bbox 1141 1844 1200 1880; x_wconf 88' lang='lat' dir='ltr'>se,</span> <span class='ocrx_word' id='word_1_244' title='bbox 1229 1829 1351 1870; x_wconf 83' lang='lat' dir='ltr'>exitu</span> <span class='ocrx_word' id='word_1_245' title='bbox 1374 1843 1497 1870; x_wconf 88' lang='lat' dir='ltr'>com-</span> 
     </span>
     <span class='ocr_line' id='line_1_32' title="bbox 101 1884 1495 1942; baseline 0.002 -17"><span class='ocrx_word' id='word_1_246' title='bbox 101 1884 228 1941; x_wconf 84' lang='lat' dir='ltr'>perit.</span> <span class='ocrx_word' id='word_1_247' title='bbox 291 1885 406 1926; x_wconf 79' lang='lat' dir='ltr'>Nam</span> <span class='ocrx_word' id='word_1_248' title='bbox 427 1887 501 1927; x_wconf 77' lang='lat' dir='ltr'>vix</span> <span class='ocrx_word' id='word_1_249' title='bbox 523 1899 575 1926; x_wconf 92' lang='lat' dir='ltr'>eo</span> <span class='ocrx_word' id='word_1_250' title='bbox 596 1886 730 1927; x_wconf 87' lang='lat' dir='ltr'>limen</span> <span class='ocrx_word' id='word_1_251' title='bbox 752 1900 943 1942; x_wconf 79' lang='lat' dir='ltr'>egresso,</span> <span class='ocrx_word' id='word_1_252' title='bbox 974 1886 1212 1928; x_wconf 82' lang='lat' dir='ltr'>triclinium</span> <span class='ocrx_word' id='word_1_253' title='bbox 1235 1886 1339 1928; x_wconf 89' lang='lat' dir='ltr'>illud</span> <span class='ocrx_word' id='word_1_254' title='bbox 1365 1901 1495 1942; x_wconf 84' lang='lat' dir='ltr'>supra</span> 
     </span>
     <span class='ocr_line' id='line_1_33' title="bbox 101 1943 1492 1998; baseline 0.001 -16"><span class='ocrx_word' id='word_1_255' title='bbox 101 1943 304 1983; x_wconf 83' lang='lat' dir='ltr'>convivas</span> <span class='ocrx_word' id='word_1_256' title='bbox 335 1943 513 1992; x_wconf 84' lang='lat' dir='ltr'>corruit,</span> <span class='ocrx_word' id='word_1_257' title='bbox 543 1952 674 1998; x_wconf 84' lang='lat' dir='ltr'>atque</span> <span class='ocrx_word' id='word_1_258' title='bbox 707 1944 767 1984; x_wconf 85' lang='lat' dir='ltr'>ita</span> <span class='ocrx_word' id='word_1_259' title='bbox 799 1943 1015 1994; x_wconf 86' lang='lat' dir='ltr'>contudit,</span> <span class='ocrx_word' id='word_1_260' title='bbox 1049 1952 1096 1985; x_wconf 87' lang='lat' dir='ltr'>ut</span> <span class='ocrx_word' id='word_1_261' title='bbox 1127 1958 1214 1985; x_wconf 94' lang='lat' dir='ltr'>non</span> <span class='ocrx_word' id='word_1_262' title='bbox 1249 1958 1324 1984; x_wconf 86' lang='lat' dir='ltr'>ora</span> <span class='ocrx_word' id='word_1_263' title='bbox 1358 1944 1492 1984; x_wconf 88' lang='lat' dir='ltr'>modo</span> 
     </span>
     <span class='ocr_line' id='line_1_34' title="bbox 101 2000 1495 2057; baseline 0.001 -17"><span class='ocrx_word' id='word_1_264' title='bbox 101 2013 420 2055; x_wconf 86' lang='lat' dir='ltr'>oppressorum,-</span> <span class='ocrx_word' id='word_1_265' title='bbox 450 2000 525 2041; x_wconf 85' lang='lat' dir='ltr'>sed</span> <span class='ocrx_word' id='word_1_266' title='bbox 561 2001 757 2041; x_wconf 79' lang='lat' dir='ltr'>membra</span> <span class='ocrx_word' id='word_1_267' title='bbox 790 2002 923 2042; x_wconf 87' lang='lat' dir='ltr'>etiam</span> <span class='ocrx_word' id='word_1_268' title='bbox 957 2001 1104 2042; x_wconf 86' lang='lat' dir='ltr'>omnia</span> <span class='ocrx_word' id='word_1_269' title='bbox 1138 2001 1405 2057; x_wconf 82' lang='lat' dir='ltr'>requirentes</span> <span class='ocrx_word' id='word_1_270' title='bbox 1438 2001 1495 2041; x_wconf 85' lang='lat' dir='ltr'>ad</span> 
     </span>
     <span class='ocr_line' id='line_1_35' title="bbox 103 2056 1496 2114; baseline 0.001 -17"><span class='ocrx_word' id='word_1_271' title='bbox 103 2057 364 2112; x_wconf 78' lang='lat' dir='ltr'>sepulturam</span> <span class='ocrx_word' id='word_1_272' title='bbox 419 2057 667 2113; x_wconf 87' lang='lat' dir='ltr'>propinqui,</span> <span class='ocrx_word' id='word_1_273' title='bbox 709 2056 828 2099; x_wconf 86' lang='lat' dir='ltr'>nulla</span> <span class='ocrx_word' id='word_1_274' title='bbox 867 2066 971 2099; x_wconf 88' lang='lat' dir='ltr'>nota</span> <span class='ocrx_word' id='word_1_275' title='bbox 1025 2067 1199 2114; x_wconf 86' lang='lat' dir='ltr'>possent</span> <span class='ocrx_word' id='word_1_276' title='bbox 1234 2058 1496 2100; x_wconf 86' lang='lat' dir='ltr'>discernere.</span> 
     </span>
     <span class='ocr_line' id='line_1_36' title="bbox 102 2112 1497 2171; baseline 0.001 -17"><span class='ocrx_word' id='word_1_277' title='bbox 102 2112 214 2154; x_wconf 87' lang='lat' dir='ltr'>Tum</span> <span class='ocrx_word' id='word_1_278' title='bbox 236 2113 479 2155; x_wconf 90' lang='lat' dir='ltr'>Simonides</span> <span class='ocrx_word' id='word_1_279' title='bbox 497 2114 672 2165; x_wconf 86' lang='lat' dir='ltr'>dicitur,</span> <span class='ocrx_word' id='word_1_280' title='bbox 704 2128 871 2156; x_wconf 85' lang='lat' dir='ltr'>memor</span> <span class='ocrx_word' id='word_1_281' title='bbox 901 2116 1064 2156; x_wconf 86' lang='lat' dir='ltr'>ordinis</span> <span class='ocrx_word' id='word_1_282' title='bbox 1085 2131 1171 2170; x_wconf 86' lang='lat' dir='ltr'>quo</span> <span class='ocrx_word' id='word_1_283' title='bbox 1193 2116 1374 2171; x_wconf 88' lang='lat' dir='ltr'>quisque</span> <span class='ocrx_word' id='word_1_284' title='bbox 1407 2115 1497 2156; x_wconf 64' lang='lat' dir='ltr'>dise·</span> 
     </span>
     <span class='ocr_line' id='line_1_37' title="bbox 103 2171 1499 2228; baseline 0.002 -18"><span class='ocrx_word' id='word_1_285' title='bbox 103 2171 328 2220; x_wconf 86' lang='lat' dir='ltr'>cubuerat,</span> <span class='ocrx_word' id='word_1_286' title='bbox 360 2185 541 2226; x_wconf 86' lang='lat' dir='ltr'>corpora</span> <span class='ocrx_word' id='word_1_287' title='bbox 561 2172 646 2213; x_wconf 88' lang='lat' dir='ltr'>suis</span> <span class='ocrx_word' id='word_1_288' title='bbox 669 2171 923 2213; x_wconf 86' lang='lat' dir='ltr'>reddidisse.</span> <span class='ocrx_word' id='word_1_289' title='bbox 984 2172 1062 2214; x_wconf 90' lang='lat' dir='ltr'>Est</span> <span class='ocrx_word' id='word_1_290' title='bbox 1083 2181 1230 2213; x_wconf 79' lang='lat' dir='ltr'>autem</span> <span class='ocrx_word' id='word_1_291' title='bbox 1253 2187 1411 2228; x_wconf 76' lang='lat' dir='ltr'>magna</span> <span class='ocrx_word' id='word_1_292' title='bbox 1431 2173 1499 2213; x_wconf 88' lang='lat' dir='ltr'>in·-</span> 
     </span>
     <span class='ocr_line' id='line_1_38' title="bbox 106 2228 1495 2285; baseline 0.002 -18"><span class='ocrx_word' id='word_1_293' title='bbox 106 2235 171 2267; x_wconf 83' lang='lat' dir='ltr'>ter</span> <span class='ocrx_word' id='word_1_294' title='bbox 191 2237 388 2268; x_wconf 83' lang='lat' dir='ltr'>auctores</span> <span class='ocrx_word' id='word_1_295' title='bbox 422 2228 649 2279; x_wconf 84' lang='lat' dir='ltr'>dissensio,</span> <span class='ocrx_word' id='word_1_296' title='bbox 681 2228 908 2270; x_wconf 84' lang='lat' dir='ltr'>Glaucone</span> <span class='ocrx_word' id='word_1_297' title='bbox 943 2229 1160 2285; x_wconf 80' lang='lat' dir='ltr'>Carystio,</span> <span class='ocrx_word' id='word_1_298' title='bbox 1191 2244 1245 2270; x_wconf 76' lang='lat' dir='ltr'>an</span> <span class='ocrx_word' id='word_1_299' title='bbox 1279 2230 1495 2282; x_wconf 72' lang='lat' dir='ltr'>Leocrati,</span> 
     </span>
     <span class='ocr_line' id='line_1_39' title="bbox 106 2283 1495 2343; baseline 0.004 -20"><span class='ocrx_word' id='word_1_300' title='bbox 106 2298 158 2324; x_wconf 80' lang='lat' dir='ltr'>an</span> <span class='ocrx_word' id='word_1_301' title='bbox 192 2283 490 2340; x_wconf 77' lang='lat' dir='ltr'>Agatharcho,</span> <span class='ocrx_word' id='word_1_302' title='bbox 521 2286 767 2341; x_wconf 82' lang='lat' dir='ltr'>anScopae</span> <span class='ocrx_word' id='word_1_303' title='bbox 804 2287 1031 2343; x_wconf 43' lang='lat' dir='ltr'>scriptum,</span> <span class='ocrx_word' id='word_1_304' title='bbox 1050 2288 1106 2328; x_wconf 85' lang='lat' dir='ltr'>sit</span> <span class='ocrx_word' id='word_1_305' title='bbox 1141 2287 1417 2328; x_wconf 80' lang='lat' dir='ltr'>idcarmen:</span> <span class='ocrx_word' id='word_1_306' title='bbox 1450 2295 1495 2328; x_wconf 84' lang='lat' dir='ltr'>et</span> 
     </span>
     <span class='ocr_line' id='line_1_40' title="bbox 107 2340 1494 2400; baseline 0.004 -20"><span class='ocrx_word' id='word_1_307' title='bbox 107 2340 301 2381; x_wconf 77' lang='lat' dir='ltr'>Pharsali</span> <span class='ocrx_word' id='word_1_308' title='bbox 325 2341 456 2382; x_wconf 85' lang='lat' dir='ltr'>fuerit</span> <span class='ocrx_word' id='word_1_309' title='bbox 477 2342 570 2382; x_wconf 88' lang='lat' dir='ltr'>haec</span> <span class='ocrx_word' id='word_1_310' title='bbox 593 2342 762 2393; x_wconf 88' lang='lat' dir='ltr'>domus,</span> <span class='ocrx_word' id='word_1_311' title='bbox 794 2351 843 2384; x_wconf 89' lang='lat' dir='ltr'>ut</span> <span class='ocrx_word' id='word_1_312' title='bbox 873 2344 964 2400; x_wconf 81' lang='lat' dir='ltr'>ipse</span> <span class='ocrx_word' id='word_1_313' title='bbox 987 2344 1176 2398; x_wconf 78' lang='lat' dir='ltr'>quodam</span> <span class='ocrx_word' id='word_1_314' title='bbox 1197 2343 1295 2385; x_wconf 90' lang='lat' dir='ltr'>loco</span> <span class='ocrx_word' id='word_1_315' title='bbox 1327 2344 1494 2399; x_wconf 77' lang='lat' dir='ltr'>signifi=</span> 
     </span>
     <span class='ocr_line' id='line_1_41' title="bbox 108 2398 1495 2456; baseline 0.004 -19"><span class='ocrx_word' id='word_1_316' title='bbox 108 2412 204 2438; x_wconf 86' lang='lat' dir='ltr'>care</span> <span class='ocrx_word' id='word_1_317' title='bbox 246 2398 492 2439; x_wconf 85' lang='lat' dir='ltr'>Simonides</span> <span class='ocrx_word' id='word_1_318' title='bbox 519 2399 706 2450; x_wconf 75' lang='lat' dir='ltr'>videtur,</span> <span class='ocrx_word' id='word_1_319' title='bbox 753 2408 886 2455; x_wconf 87' lang='lat' dir='ltr'>utque</span> <span class='ocrx_word' id='word_1_320' title='bbox 925 2400 1234 2456; x_wconf 88' lang='lat' dir='ltr'>Apollodorus,</span> <span class='ocrx_word' id='word_1_321' title='bbox 1262 2408 1308 2441; x_wconf 85' lang='lat' dir='ltr'>et</span> <span class='ocrx_word' id='word_1_322' title='bbox 1339 2400 1495 2442; x_wconf 55' lang='lat' dir='ltr'>Erato-2</span> 
     </span>
     <span class='ocr_line' id='line_1_42' title="bbox 104 2454 1494 2515; baseline 0.004 -21"><span class='ocrx_word' id='word_1_323' title='bbox 104 2454 294 2506; x_wconf 81' lang='lat' dir='ltr'>sthenes,</span> <span class='ocrx_word' id='word_1_324' title='bbox 325 2462 370 2496; x_wconf 86' lang='lat' dir='ltr'>et</span> <span class='ocrx_word' id='word_1_325' title='bbox 402 2454 677 2511; x_wconf 72' lang='lat' dir='ltr'>Euphorion,</span> <span class='ocrx_word' id='word_1_326' title='bbox 705 2465 750 2498; x_wconf 90' lang='lat' dir='ltr'>et</span> <span class='ocrx_word' id='word_1_327' title='bbox 788 2457 1013 2499; x_wconf 79' lang='lat' dir='ltr'>Larissaeus</span> <span class='ocrx_word' id='word_1_328' title='bbox 1037 2458 1283 2515; x_wconf 84' lang='lat' dir='ltr'>Eurypylus</span> <span class='ocrx_word' id='word_1_329' title='bbox 1302 2458 1494 2499; x_wconf 50' lang='lat' dir='ltr'>tradidea</span> 
     </span>
    </p>
   </div>
   <div class='ocr_carea' id='block_1_3' title="bbox 74 2576 1497 2709">
    <p class='ocr_par' dir='ltr' id='par_1_4' title="bbox 74 2576 1497 2709">
     <span class='ocr_line' id='line_1_43' title="bbox 150 2576 1497 2621; baseline 0.003 -13"><span class='ocrx_word' id='word_1_330' title='bbox 150 2576 203 2616; x_wconf 84' lang='lat'>(1)</span> <span class='ocrx_word' id='word_1_331' title='bbox 228 2578 325 2607; x_wconf 84' lang='lat' dir='ltr'>Hunc</span> <span class='ocrx_word' id='word_1_332' title='bbox 343 2577 452 2608; x_wconf 89' lang='lat' dir='ltr'>locum</span> <span class='ocrx_word' id='word_1_333' title='bbox 470 2579 511 2608; x_wconf 85' lang='lat' dir='ltr'>ab</span> <span class='ocrx_word' id='word_1_334' title='bbox 527 2579 600 2610; x_wconf 83' lang='lat' dir='ltr'>aliis</span> <span class='ocrx_word' id='word_1_335' title='bbox 618 2583 785 2611; x_wconf 71' lang='lat' dir='ltr'>tentatum</span> <span class='ocrx_word' id='word_1_336' title='bbox 806 2581 972 2612; x_wconf 70' lang='lat' dir='ltr'>levissima</span> <span class='ocrx_word' id='word_1_337' title='bbox 997 2582 1184 2612; x_wconf 80' lang='lat' dir='ltr'>mutatione</span> <span class='ocrx_word' id='word_1_338' title='bbox 1206 2582 1344 2621; x_wconf 81' lang='lat' dir='ltr'>pristino</span> <span class='ocrx_word' id='word_1_339' title='bbox 1360 2582 1497 2613; x_wconf 71' lang='lat' dir='ltr'>candori</span> 
     </span>
     <span class='ocr_line' id='line_1_44' title="bbox 107 2621 1495 2664; baseline 0.003 -13"><span class='ocrx_word' id='word_1_340' title='bbox 107 2622 290 2651; x_wconf 80' lang='lat' dir='ltr'>restituisse</span> <span class='ocrx_word' id='word_1_341' title='bbox 304 2622 463 2653; x_wconf 74' lang='lat' dir='ltr'>videmur.</span> <span class='ocrx_word' id='word_1_342' title='bbox 511 2621 551 2651; x_wconf 85' lang='lat' dir='ltr'>Id</span> <span class='ocrx_word' id='word_1_343' title='bbox 566 2628 600 2652; x_wconf 82' lang='lat' dir='ltr'>et</span> <span class='ocrx_word' id='word_1_344' title='bbox 620 2623 652 2653; x_wconf 75' lang='lat' dir='ltr'>in</span> <span class='ocrx_word' id='word_1_345' title='bbox 668 2625 934 2664; x_wconf 78' lang='lat' dir='ltr'>frequentissimo</span> <span class='ocrx_word' id='word_1_346' title='bbox 957 2626 1164 2656; x_wconf 80' lang='lat' dir='ltr'>librariorum</span> <span class='ocrx_word' id='word_1_347' title='bbox 1182 2626 1277 2664; x_wconf 80' lang='lat' dir='ltr'>lapsu</span> <span class='ocrx_word' id='word_1_348' title='bbox 1300 2625 1383 2655; x_wconf 84' lang='lat' dir='ltr'>inter</span> <span class='ocrx_word' id='word_1_349' title='bbox 1400 2636 1434 2656; x_wconf 88' lang='lat' dir='ltr'>se</span> <span class='ocrx_word' id='word_1_350' title='bbox 1447 2626 1495 2655; x_wconf 90' lang='lat' dir='ltr'>in-</span> 
     </span>
     <span class='ocr_line' id='line_1_45' title="bbox 74 2664 1495 2709; baseline 0.005 -16"><span class='ocrx_word' id='word_1_351' title='bbox 74 2685 78 2689; x_wconf 28' lang='grc' dir='ltr'><strong><em>Δ</em></strong></span> <span class='ocrx_word' id='word_1_352' title='bbox 106 2664 209 2695; x_wconf 81' lang='lat' dir='ltr'>vicem</span> <span class='ocrx_word' id='word_1_353' title='bbox 227 2670 494 2703; x_wconf 82' lang='lat' dir='ltr'>commutantur;</span> <span class='ocrx_word' id='word_1_354' title='bbox 521 2667 610 2705; x_wconf 79' lang='lat' dir='ltr'>quod</span> <span class='ocrx_word' id='word_1_355' title='bbox 627 2668 790 2707; x_wconf 80' lang='lat' dir='ltr'>hodieque</span> <span class='ocrx_word' id='word_1_356' title='bbox 802 2671 1055 2709; x_wconf 74' lang='lat' dir='ltr'>typographicae</span> <span class='ocrx_word' id='word_1_357' title='bbox 1079 2670 1250 2708; x_wconf 80' lang='lat' dir='ltr'>patiuntur</span> <span class='ocrx_word' id='word_1_358' title='bbox 1265 2679 1382 2708; x_wconf 75' lang='lat' dir='ltr'>operce.</span> <span class='ocrx_word' id='word_1_359' title='bbox 1431 2669 1495 2700; x_wconf 79' lang='lat' dir='ltr'>Sed</span> 
     </span>
    </p>
   </div>
   <div class='ocr_carea' id='block_1_4' title="bbox 106 2708 1498 2792">
    <p class='ocr_par' dir='ltr' id='par_1_5' title="bbox 106 2708 1498 2792">
     <span class='ocr_line' id='line_1_46' title="bbox 106 2708 1498 2784; baseline 0.005 -46"><span class='ocrx_word' id='word_1_360' title='bbox 106 2708 140 2738; x_wconf 82' lang='lat' dir='ltr'>in</span> <span class='ocrx_word' id='word_1_361' title='bbox 159 2708 278 2783; x_wconf 65' lang='lat' dir='ltr'>tlalibus</span> <span class='ocrx_word' id='word_1_362' title='bbox 295 2709 461 2784; x_wconf 71' lang='lat' dir='ltr'>immemori</span> <span class='ocrx_word' id='word_1_363' title='bbox 475 2711 564 2749; x_wconf 77' lang='lat' dir='ltr'>piget</span> <span class='ocrx_word' id='word_1_364' title='bbox 573 2723 584 2749; x_wconf 76' lang='lat'>5</span> <span class='ocrx_word' id='word_1_365' title='bbox 601 2720 675 2741; x_wconf 85' lang='lat' dir='ltr'>cum</span> <span class='ocrx_word' id='word_1_366' title='bbox 688 2716 780 2742; x_wconf 76' lang='lat' dir='ltr'>tanta</span> <span class='ocrx_word' id='word_1_367' title='bbox 792 2713 976 2751; x_wconf 71' lang='lat' dir='ltr'>praesertim</span> <span class='ocrx_word' id='word_1_368' title='bbox 988 2723 1182 2751; x_wconf 80' lang='lat' dir='ltr'>magnorum</span> <span class='ocrx_word' id='word_1_369' title='bbox 1196 2722 1328 2754; x_wconf 75' lang='lat' dir='ltr'>quoque</span> <span class='ocrx_word' id='word_1_370' title='bbox 1346 2713 1498 2745; x_wconf 75' lang='lat' dir='ltr'>vitiorum</span> 
     </span>
     <span class='ocr_line' id='line_1_47' title="bbox 108 2756 452 2792; baseline 0.009 -11"><span class='ocrx_word' id='word_1_371' title='bbox 108 2761 162 2782; x_wconf 75' lang='lat' dir='ltr'>mo</span> <span class='ocrx_word' id='word_1_372' title='bbox 180 2761 212 2781; x_wconf 81' lang='lat' dir='ltr'>es</span> <span class='ocrx_word' id='word_1_373' title='bbox 229 2758 369 2792; x_wconf 74' lang='lat' dir='ltr'>premat,</span> <span class='ocrx_word' id='word_1_374' title='bbox 445 2756 452 2784; x_wconf 71' lang='grc' dir='ltr'>ζ.</span> 
     </span>
    </p>
   </div>
   <div class='ocr_carea' id='block_1_5' title="bbox 792 2809 822 2839">
    <p class='ocr_par' dir='ltr' id='par_1_6' title="bbox 792 2809 822 2839">
     <span class='ocr_line' id='line_1_48' title="bbox 792 2809 822 2839; baseline 0 0"><span class='ocrx_word' id='word_1_375' title='bbox 792 2809 822 2839; x_wconf 64' lang='grc' dir='ltr'><em>ἵ</em></span> 
     </span>
    </p>
   </div>
  </div>
 </body>
</html>
