2015 3341
430 194 491 231 22
906 205 1006 235 mn.
1039 205 1076 234 1.
1135 205 1245 235 cAr.
1278 206 1346 235 vi.

425 285 521 342 jam
550 286 705 329 doceat
739 294 881 344 tropos
907 304 1088 340 omnes;
1119 289 1274 344 quibus
1302 290 1518 346 praecipue
1547 304 1635 332 non
1662 303 1817 347 poema

433 343 583 392 modo,
604 345 676 385 sed
698 345 828 385 etiam
849 347 988 386 oratio
1006 354 1202 396 ornatur3
1233 348 1440 389 schemata
1463 355 1657 402 utraque,
1675 348 1717 388 id
1736 358 1818 397 est,

457 398 607 454 gurm,
630 414 811 455 quaeque
836 402 894 453 (1)
917 404 1045 449 λέξεως,
1073 416 1255 456 quaeque
1276 405 1419 449 διανοίας
1439 413 1647 444 vocantur
1666 419 1674 444 :
1708 417 1817 458 quo·

433 469 527 495 rum
549 470 648 511 ego,
671 457 781 497 sicut
801 465 1037 511 troporum,
1056 464 1286 498 tractatum
1308 457 1350 497 in
1373 472 1471 499 eum
1490 459 1631 501 locum
1648 460 1818 510 differo,

430 524 519 566 quo
543 512 648 552 mi'ni
672 512 726 552 de
743 522 895 553 ornatu
914 513 1119 554 orationis
1137 513 1369 556 dicendum
1392 515 1488 556 erit.

491 565 715 624 Praecipue
749 582 850 609 vero
880 569 950 610 illa
971 569 1125 625 infigat
1155 571 1335 621 animis;
1368 586 1465 626 quae
1499 571 1543 613 in
1575 573 1822 613 oeconomia

431 623 588 674 virtus3
622 639 718 680 quae
740 625 783 665 in
806 625 964 667 decoro
986 640 1153 668 rerum:
1185 627 1286 681 quid
1316 641 1511 682 personae
1534 629 1688 686 cuique
1715 643 1822 669 con-

432 681 625 722 venerit:
669 681 773 736 quid
810 682 852 724 in
889 682 1083 724 sensibus
1118 683 1407 735 laudandum3
1439 684 1542 740 quid
1575 685 1620 726 in
1652 685 1819 728 verbis:

434 737 509 778 ubi
532 737 657 793 copia
678 738 940 794 probabilis;
973 740 1045 780 ubi
1068 739 1238 781 modus.

491 793 575 834 His
591 795 770 836 accedat
786 796 998 837 enarratio
1014 795 1304 847 historiarum,
1336 796 1520 853 diligens
1543 796 1719 852 quidem
1737 796 1824 847 illa,

430 864 522 891 non
540 861 683 892 tamen
701 867 833 907 usque
852 853 905 893 ad
920 868 1230 908 supervacuum
1244 853 1434 894 laborem
1451 864 1675 909 occupata.
1709 854 1823 895 Nam

431 918 643 963 receptaS,
658 917 733 950 aut
748 919 864 950 certe
880 908 1002 951 claris
1019 910 1266 951 auctoribus
1283 920 1557 961 memoratas,
1575 911 1824 967 exposuisse

433 965 535 1005 satis
567 976 647 1006 est.
721 965 924 1022 Persequi
959 966 1135 1022 quidem
1170 967 1286 1022 quod
1323 967 1502 1023 quisque
1534 982 1722 1023 unquam
1756 967 1826 1009 vel

432 1022 874 1064 contemtissimorum
905 1022 1130 1064 hominum
1154 1023 1330 1073 dixerit,
1361 1034 1435 1065 aut
1456 1023 1600 1065 nimiae
1622 1024 1823 1073 miseriae,

432 1088 509 1120 aut
541 1079 677 1120 inanis
703 1080 929 1134 jactantiae
951 1088 1030 1129 est,
1054 1091 1099 1120 et
1125 1079 1292 1122 detinet
1312 1087 1440 1136 atque
1472 1081 1618 1121 obruit
1649 1080 1826 1135 ingenia

431 1134 586 1176 melius
618 1136 713 1177 aliis
750 1144 965 1177 vacatura.
1026 1136 1140 1177 Nam
1171 1137 1244 1192 qui
1277 1151 1426 1178 omnes
1459 1137 1590 1178 etiam
1623 1137 1825 1193 indignas

431 1191 625 1233 lectione
659 1191 838 1233 schedas
860 1192 1043 1243 excutit,
1074 1193 1257 1234 anilibus
1277 1208 1448 1248 quoque
1469 1193 1627 1235 fabulis
1656 1208 1827 1235 accom-

432 1248 612 1290 modare
635 1263 807 1305 operam
832 1256 990 1304 potest.
1051 1249 1184 1305 Atqui
1204 1250 1321 1305 pleni
1343 1258 1442 1291 sunt
1460 1250 1671 1309 ejusmodi
1691 1251 1827 1308 impe-

433 1305 639 1346 dimentis
681 1306 1063 1361 grammaticorum
1115 1307 1433 1357 commentarii,
1480 1307 1554 1348 vix
1602 1307 1704 1362 ipsis
1752 1307 1825 1362 qui

434 1370 774 1417 composuerunt
796 1363 896 1403 satis
920 1363 1027 1403 noti.
1088 1363 1202 1404 Nam
1221 1362 1430 1419 Didymo,
1452 1377 1538 1419 quo
1556 1377 1683 1404 nemo
1707 1363 1830 1419 plura

434 1419 620 1474 scripsit,
651 1419 858 1463 accidisse
883 1426 1155 1475 compertum
1185 1427 1264 1470 est,
1302 1429 1365 1470 ut,
1398 1435 1497 1461 cum
1527 1419 1716 1461 historiae
1738 1421 1830 1462 cui·

435 1475 537 1516 dam
568 1485 768 1531 tanquam
803 1491 924 1517 vanae
951 1486 1226 1531 repugnaret,
1258 1477 1388 1532 ipsius
1417 1476 1677 1532 proferretur
1704 1476 1827 1528 liber,

435 1533 510 1588 qui
541 1548 636 1574 eam
665 1534 929 1574 continebat.
990 1533 1120 1580 Quod
1151 1534 1296 1574 evenit
1319 1534 1535 1590 praecipue
1557 1533 1600 1574 in
1624 1532 1829 1576 fabulosis

436 1603 571 1644 usque
602 1590 652 1630 ad
686 1590 947 1638 de1·idicnla;
978 1590 1179 1644 quaedam
1197 1591 1326 1631 etiam
1350 1590 1578 1646 pudenda:
1611 1590 1726 1631 unde
1747 1591 1830 1633 im-

436 1647 698 1702 probissimo
720 1647 874 1702 cuique
898 1646 1100 1703 pleraque
1119 1646 1313 1702 fingendi
1335 1646 1510 1688 licentia
1529 1656 1616 1697 est3
1648 1647 1758 1688 adeo
1783 1657 1832 1689 ut

437 1703 494 1743 cle
512 1703 630 1746 libris
653 1704 754 1743 totis
769 1713 811 1743 et
828 1703 1090 1753 auctoribus,
1113 1712 1161 1744 ut
1181 1704 1404 1754 succurrit,
1428 1704 1691 1744 mentiantur
1709 1713 1801 1745 tuto
1818 1721 1828 1747 :

437 1761 540 1814 quia
566 1760 766 1809 inveniri,
788 1760 861 1815 qui
883 1774 1101 1814 nunquam
1124 1760 1258 1809 fuere,
1280 1774 1368 1801 non
1396 1770 1589 1816 possunt.
1651 1760 1761 1802 Nam
1788 1761 1831 1803 iri

438 1817 681 1858 notioribus
699 1815 1043 1871 frequentissime
1062 1816 1444 1872 deprehenduntur
1464 1832 1489 1857 a
1509 1816 1702 1858 curiosis.
1763 1817 1833 1861 Ex

438 1888 526 1928 quo
568 1873 675 1915 mihi
715 1873 827 1915 inter
865 1873 1045 1914 virtutes
1085 1874 1358 1930 grammatici
1398 1873 1645 1926 habebitur,
1690 1873 1835 1932 aliqua

441 1931 623 1971 nescire.

499 1987 577 2028 Vl.
600 1987 671 2029 ET
685 1987 817 2029 finitae
835 1987 1011 2043 quidem
1029 1995 1128 2028 sunt
1151 1996 1292 2043 partes
1307 1987 1420 2037 duae,
1438 2003 1542 2043 quas
1555 1987 1650 2030 haec
1667 1988 1834 2045 profes·

443 2043 507 2085 sio
523 2043 766 2099 pollicetur,
784 2044 825 2085 id
842 2052 921 2094 est,
936 2045 1049 2085 ratio
1063 2044 1275 2100 loquendi,
1292 2054 1335 2086 et
1353 2046 1570 2086 enarratio
1585 2053 1804 2088 auctorum
1816 2063 1830 2088 .·

441 2115 623 2155 quarum
642 2100 754 2141 illam
776 2101 1048 2151 methodicen,
1067 2101 1178 2143 hanc
1195 2101 1419 2143 historicen
1436 2112 1603 2143 vocant.
1663 2103 1833 2159 Adjici-

443 2171 564 2198 amus
587 2167 729 2198 tamen
753 2172 902 2199 eorum
923 2173 1036 2200 curae
1058 2158 1259 2213 quaedam
1276 2159 1450 2200 dicendi
1467 2158 1717 2213 primordia,
1737 2160 1835 2216 qui-

442 2214 524 2255 bus
547 2224 694 2255 aetates
717 2214 907 2255 nondum
927 2215 1144 2256 rhetorem
1161 2215 1380 2271 capientes
1401 2215 1643 2257 instituant.
1693 2216 1836 2272 Igitur

443 2271 598 2326 AEsopi
621 2270 810 2322 fabellas,
833 2287 928 2326 quae
952 2271 1107 2313 fabulis
1130 2272 1438 2313 nutricularum
1466 2272 1663 2328 proxime
1685 2288 1832 2315 succc-

446 2328 572 2375 dunt‚
612 2342 780 2368 narrare
817 2342 1013 2369 sermone
1049 2343 1156 2384 puro
1192 2338 1237 2370 et
1270 2328 1380 2370 nihil
1414 2343 1457 2369 se
1494 2343 1620 2384 supra
1654 2330 1835 2373 modum

446 2384 702 2433 extollente,
724 2384 882 2425 deinde
904 2385 1083 2426 eandem
1108 2388 1173 2436 (2)
1194 2385 1480 2440 gracilitatem
1508 2385 1622 2440 stylo
1644 2387 1838 2442 exigere,

447 2441 728 2482 condiscant:
762 2455 906 2482 versus
939 2443 1078 2497 primo
1117 2441 1298 2490 solvere,
1340 2457 1445 2483 mox
1481 2443 1656 2484 mutatis
1693 2444 1836 2486 verbis

448 2498 747 2553 interpretari;
788 2506 879 2539 tum
922 2498 1170 2554 paraphrasi
1204 2498 1408 2539 audacius
1442 2505 1635 2550 vertere3
1673 2514 1758 2555 qua
1793 2509 1839 2543 et

448 2554 642 2596 breviare
663 2554 879 2610 quaedarn,
901 2564 946 2595 et
966 2569 1191 2606 exornare,
1223 2554 1338 2599 salvo
1365 2554 1498 2598 modo
1519 2564 1661 2612 poetae
1697 2572 1847 2611 sensu,

497 2712 548 2751 (1)
576 2711 611 2742 Id
625 2717 684 2748 est,
708 2712 884 2743 verborum
901 2716 934 2743 et
947 2711 1196 2743 sententiarum.
1220 2709 1263 2743 R.
1287 2712 1326 2743 V.
1347 2712 1416 2743 Lib.
1434 2712 1499 2744 viii.
1524 2722 1554 2744 c.
1575 2714 1603 2744 3,
1629 2711 1682 2744 De
1696 2712 1836 2753 ornatu,-

454 2760 489 2785 ει
504 2757 569 2786 Lib.
591 2756 631 2786 ix.
658 2756 761 2795 Capp.
783 2760 812 2792 1,
838 2758 869 2793 2,
894 2760 928 2786 et
944 2758 974 2787 3.
1026 2755 1059 2786 Ο.

499 2800 551 2837 (¹2)
577 2799 717 2829 Easdem
733 2799 883 2836 fabellas,
907 2809 991 2839 quas
1011 2808 1161 2829 sermone
1188 2808 1271 2836 puro
1294 2803 1328 2828 et
1354 2799 1497 2839 simplici
1521 2801 1736 2839 narraverint,
1761 2799 1838 2842 stylo

454 2843 585 2883 exigere,
610 2842 629 2874 i.
647 2852 674 2873 e.
700 2847 856 2875 accurate
874 2847 907 2874 et
924 2848 1040 2876 exacte
1057 2842 1197 2875 scribere
1216 2842 1418 2875 condiscant.
