<?xml version="1.0" encoding="UTF-8"?>
<!DOCTYPE html PUBLIC "-//W3C//DTD XHTML 1.0 Transitional//EN"
    "http://www.w3.org/TR/xhtml1/DTD/xhtml1-transitional.dtd">
<html xmlns="http://www.w3.org/1999/xhtml" xml:lang="en" lang="en">
 <head>
  <title>
</title>
<meta http-equiv="Content-Type" content="text/html;charset=utf-8" />
  <meta name='ocr-system' content='tesseract 3.04.00' />
  <meta name='ocr-capabilities' content='ocr_page ocr_carea ocr_par ocr_line ocrx_word'/>
</head>
<body>
  <div class='ocr_page' id='page_1' title='image "./deinstitutioneor00quinuoft_0060.png"; bbox 0 0 2015 3341; ppageno 0'>
   <div class='ocr_carea' id='block_1_1' title="bbox 435 139 1361 181">
    <p class='ocr_par' dir='ltr' id='par_1_1' title="bbox 435 139 1361 181">
     <span class='ocr_line' id='line_1_1' title="bbox 435 139 1361 181; baseline -0.003 -4"><span class='ocrx_word' id='word_1_1' title='bbox 435 139 498 178; x_wconf 77' lang='lat'>40</span> <span class='ocrx_word' id='word_1_2' title='bbox 848 180 851 181; x_wconf 16' lang='lat'><em>⁷</em></span> <span class='ocrx_word' id='word_1_3' title='bbox 892 142 990 174; x_wconf 76' lang='lat' dir='ltr'>Lm.</span> <span class='ocrx_word' id='word_1_4' title='bbox 1024 145 1080 174; x_wconf 86' lang='lat'>11.</span> <span class='ocrx_word' id='word_1_5' title='bbox 1144 144 1251 174; x_wconf 80' lang='lat' dir='ltr'>CAP.</span> <span class='ocrx_word' id='word_1_6' title='bbox 1282 144 1361 175; x_wconf 83' lang='lat'>111.</span> 
     </span>
    </p>
   </div>
   <div class='ocr_carea' id='block_1_2' title="bbox 387 228 1839 2548">
    <p class='ocr_par' dir='ltr' id='par_1_2' title="bbox 437 228 1823 625">
     <span class='ocr_line' id='line_1_2' title="bbox 497 228 1822 286; baseline 0.002 -16"><span class='ocrx_word' id='word_1_7' title='bbox 497 228 583 271; x_wconf 88' lang='grc' dir='ltr'><strong>ΙΙΙ.</strong></span> <span class='ocrx_word' id='word_1_8' title='bbox 616 230 699 272; x_wconf 79' lang='lat' dir='ltr'>NE</span> <span class='ocrx_word' id='word_1_9' title='bbox 720 230 890 272; x_wconf 87' lang='lat' dir='ltr'>illorum</span> <span class='ocrx_word' id='word_1_10' title='bbox 911 230 1086 286; x_wconf 84' lang='lat' dir='ltr'>quidem</span> <span class='ocrx_word' id='word_1_11' title='bbox 1119 231 1336 285; x_wconf 78' lang='lat' dir='ltr'>persuasio</span> <span class='ocrx_word' id='word_1_12' title='bbox 1359 230 1530 273; x_wconf 84' lang='lat' dir='ltr'>silentio</span> <span class='ocrx_word' id='word_1_13' title='bbox 1559 229 1822 273; x_wconf 78' lang='lat' dir='ltr'>transeunda</span> 
     </span>
     <span class='ocr_line' id='line_1_3' title="bbox 438 287 1819 343; baseline 0.001 -17"><span class='ocrx_word' id='word_1_14' title='bbox 438 295 520 337; x_wconf 84' lang='lat' dir='ltr'>est,</span> <span class='ocrx_word' id='word_1_15' title='bbox 551 287 626 341; x_wconf 88' lang='lat' dir='ltr'>qui</span> <span class='ocrx_word' id='word_1_16' title='bbox 648 287 778 327; x_wconf 87' lang='lat' dir='ltr'>etiam</span> <span class='ocrx_word' id='word_1_17' title='bbox 812 301 910 327; x_wconf 88' lang='lat' dir='ltr'>cum</span> <span class='ocrx_word' id='word_1_18' title='bbox 945 287 1124 327; x_wconf 89' lang='lat' dir='ltr'>idoneos</span> <span class='ocrx_word' id='word_1_19' title='bbox 1161 287 1321 328; x_wconf 85' lang='lat' dir='ltr'>rhetori</span> <span class='ocrx_word' id='word_1_20' title='bbox 1361 293 1512 343; x_wconf 89' lang='lat' dir='ltr'>pueros</span> <span class='ocrx_word' id='word_1_21' title='bbox 1546 297 1819 343; x_wconf 70' lang='lat' dir='ltr'>putaverunt,</span> 
     </span>
     <span class='ocr_line' id='line_1_4' title="bbox 437 343 1820 393; baseline 0.001 -11"><span class='ocrx_word' id='word_1_22' title='bbox 437 355 527 382; x_wconf 87' lang='lat' dir='ltr'>non</span> <span class='ocrx_word' id='word_1_23' title='bbox 562 348 705 383; x_wconf 69' lang='lat' dir='ltr'>tamen</span> <span class='ocrx_word' id='word_1_24' title='bbox 736 343 946 383; x_wconf 86' lang='lat' dir='ltr'>continuo</span> <span class='ocrx_word' id='word_1_25' title='bbox 979 343 1212 383; x_wconf 86' lang='lat' dir='ltr'>tradendos</span> <span class='ocrx_word' id='word_1_26' title='bbox 1249 344 1591 385; x_wconf 87' lang='lat' dir='ltr'>eminentissimo</span> <span class='ocrx_word' id='word_1_27' title='bbox 1622 345 1820 393; x_wconf 86' lang='lat' dir='ltr'>credunt,</span> 
     </span>
     <span class='ocr_line' id='line_1_5' title="bbox 438 399 1821 455; baseline 0.001 -17"><span class='ocrx_word' id='word_1_28' title='bbox 438 399 513 438; x_wconf 87' lang='lat' dir='ltr'>sed</span> <span class='ocrx_word' id='word_1_29' title='bbox 538 399 651 454; x_wconf 82' lang='lat' dir='ltr'>apud</span> <span class='ocrx_word' id='word_1_30' title='bbox 680 400 864 439; x_wconf 86' lang='lat' dir='ltr'>minores</span> <span class='ocrx_word' id='word_1_31' title='bbox 887 399 1133 454; x_wconf 80' lang='lat' dir='ltr'>aliquandiu</span> <span class='ocrx_word' id='word_1_32' title='bbox 1160 399 1381 442; x_wconf 85' lang='lat' dir='ltr'>detinent:</span> <span class='ocrx_word' id='word_1_33' title='bbox 1415 408 1617 455; x_wconf 77' lang='lat' dir='ltr'>tanquam</span> <span class='ocrx_word' id='word_1_34' title='bbox 1648 401 1821 441; x_wconf 86' lang='lat' dir='ltr'>institn-</span> 
     </span>
     <span class='ocr_line' id='line_1_6' title="bbox 437 454 1823 512; baseline 0.001 -18"><span class='ocrx_word' id='word_1_35' title='bbox 437 454 563 495; x_wconf 86' lang='lat' dir='ltr'>endis</span> <span class='ocrx_word' id='word_1_36' title='bbox 585 456 747 496; x_wconf 81' lang='lat' dir='ltr'>artibus</span> <span class='ocrx_word' id='word_1_37' title='bbox 771 456 906 510; x_wconf 80' lang='lat' dir='ltr'>magis</span> <span class='ocrx_word' id='word_1_38' title='bbox 924 457 977 496; x_wconf 91' lang='lat' dir='ltr'>sit</span> <span class='ocrx_word' id='word_1_39' title='bbox 994 463 1094 511; x_wconf 85' lang='lat' dir='ltr'>apta</span> <span class='ocrx_word' id='word_1_40' title='bbox 1116 456 1389 498; x_wconf 85' lang='lat' dir='ltr'>mediocritas</span> <span class='ocrx_word' id='word_1_41' title='bbox 1412 456 1704 512; x_wconf 75' lang='lat' dir='ltr'>praeceptoris,</span> <span class='ocrx_word' id='word_1_42' title='bbox 1724 471 1823 497; x_wconf 80' lang='lat' dir='ltr'>cuin</span> 
     </span>
     <span class='ocr_line' id='line_1_7' title="bbox 440 511 1822 572; baseline 0.001 -22"><span class='ocrx_word' id='word_1_43' title='bbox 440 511 494 551; x_wconf 83' lang='lat' dir='ltr'>ad</span> <span class='ocrx_word' id='word_1_44' title='bbox 530 511 796 553; x_wconf 84' lang='lat' dir='ltr'>intellectum</span> <span class='ocrx_word' id='word_1_45' title='bbox 825 519 954 572; x_wconf 78' lang='lat' dir='ltr'>atque</span> <span class='ocrx_word' id='word_1_46' title='bbox 978 513 1265 556; x_wconf 84' lang='lat' dir='ltr'>imitationem</span> <span class='ocrx_word' id='word_1_47' title='bbox 1289 514 1470 563; x_wconf 76' lang='lat' dir='ltr'>facilior,</span> <span class='ocrx_word' id='word_1_48' title='bbox 1501 521 1594 554; x_wconf 87' lang='lat' dir='ltr'>tum</span> <span class='ocrx_word' id='word_1_49' title='bbox 1615 513 1668 554; x_wconf 79' lang='lat' dir='ltr'>ad</span> <span class='ocrx_word' id='word_1_50' title='bbox 1691 513 1822 554; x_wconf 75' lang='lat' dir='ltr'>susci-</span> 
     </span>
     <span class='ocr_line' id='line_1_8' title="bbox 437 567 1580 625; baseline 0.003 -18"><span class='ocrx_word' id='word_1_51' title='bbox 437 567 621 624; x_wconf 78' lang='lat' dir='ltr'>piendas</span> <span class='ocrx_word' id='word_1_52' title='bbox 642 568 955 609; x_wconf 79' lang='lat' dir='ltr'>elementorum</span> <span class='ocrx_word' id='word_1_53' title='bbox 978 569 1197 610; x_wconf 72' lang='lat' dir='ltr'>molestias</span> <span class='ocrx_word' id='word_1_54' title='bbox 1219 570 1358 610; x_wconf 86' lang='lat' dir='ltr'>minus</span> <span class='ocrx_word' id='word_1_55' title='bbox 1382 572 1580 625; x_wconf 76' lang='lat' dir='ltr'>superba.</span> 
     </span>
    </p>

    <p class='ocr_par' dir='ltr' id='par_1_3' title="bbox 440 624 1828 1078">
     <span class='ocr_line' id='line_1_9' title="bbox 500 624 1825 676; baseline 0.001 -11"><span class='ocrx_word' id='word_1_56' title='bbox 500 624 599 670; x_wconf 80' lang='lat' dir='ltr'>Qua</span> <span class='ocrx_word' id='word_1_57' title='bbox 620 625 664 665; x_wconf 90' lang='lat' dir='ltr'>in</span> <span class='ocrx_word' id='word_1_58' title='bbox 686 640 729 666; x_wconf 92' lang='lat' dir='ltr'>re</span> <span class='ocrx_word' id='word_1_59' title='bbox 752 625 858 665; x_wconf 81' lang='lat' dir='ltr'>mihi</span> <span class='ocrx_word' id='word_1_60' title='bbox 878 640 964 666; x_wconf 88' lang='lat' dir='ltr'>non</span> <span class='ocrx_word' id='word_1_61' title='bbox 987 626 1170 667; x_wconf 79' lang='lat' dir='ltr'>arbitror</span> <span class='ocrx_word' id='word_1_62' title='bbox 1192 626 1265 666; x_wconf 87' lang='lat' dir='ltr'>diu</span> <span class='ocrx_word' id='word_1_63' title='bbox 1289 626 1590 676; x_wconf 77' lang='lat' dir='ltr'>laborandum,</span> <span class='ocrx_word' id='word_1_64' title='bbox 1611 634 1659 667; x_wconf 88' lang='lat' dir='ltr'>ut</span> <span class='ocrx_word' id='word_1_65' title='bbox 1680 634 1825 667; x_wconf 75' lang='lat' dir='ltr'>osten-</span> 
     </span>
     <span class='ocr_line' id='line_1_10' title="bbox 440 679 1828 738; baseline 0.002 -17"><span class='ocrx_word' id='word_1_66' title='bbox 440 679 559 731; x_wconf 84' lang='lat' dir='ltr'>dam,</span> <span class='ocrx_word' id='word_1_67' title='bbox 589 689 752 736; x_wconf 82' lang='lat' dir='ltr'>quanto</span> <span class='ocrx_word' id='word_1_68' title='bbox 775 683 830 722; x_wconf 92' lang='lat' dir='ltr'>sit</span> <span class='ocrx_word' id='word_1_69' title='bbox 852 682 1003 723; x_wconf 88' lang='lat' dir='ltr'>melius</span> <span class='ocrx_word' id='word_1_70' title='bbox 1023 683 1198 738; x_wconf 85' lang='lat' dir='ltr'>optimis</span> <span class='ocrx_word' id='word_1_71' title='bbox 1218 683 1368 733; x_wconf 86' lang='lat' dir='ltr'>imbui,</span> <span class='ocrx_word' id='word_1_72' title='bbox 1400 691 1646 738; x_wconf 82' lang='lat' dir='ltr'>quantaque</span> <span class='ocrx_word' id='word_1_73' title='bbox 1667 683 1707 723; x_wconf 88' lang='lat' dir='ltr'>in</span> <span class='ocrx_word' id='word_1_74' title='bbox 1732 683 1828 724; x_wconf 88' lang='lat' dir='ltr'>elu-</span> 
     </span>
     <span class='ocr_line' id='line_1_11' title="bbox 441 738 1826 794; baseline 0.001 -17"><span class='ocrx_word' id='word_1_75' title='bbox 441 738 564 778; x_wconf 81' lang='lat' dir='ltr'>endis</span> <span class='ocrx_word' id='word_1_76' title='bbox 586 754 683 793; x_wconf 86' lang='lat' dir='ltr'>quae</span> <span class='ocrx_word' id='word_1_77' title='bbox 705 739 837 780; x_wconf 88' lang='lat' dir='ltr'>semel</span> <span class='ocrx_word' id='word_1_78' title='bbox 860 739 1097 781; x_wconf 76' lang='lat' dir='ltr'>insederint</span> <span class='ocrx_word' id='word_1_79' title='bbox 1117 740 1232 780; x_wconf 74' lang='lat' dir='ltr'>vitiis</span> <span class='ocrx_word' id='word_1_80' title='bbox 1266 739 1496 781; x_wconf 81' lang='lat' dir='ltr'>difficultas</span> <span class='ocrx_word' id='word_1_81' title='bbox 1524 747 1826 794; x_wconf 81' lang='lat' dir='ltr'>consequatur,</span> 
     </span>
     <span class='ocr_line' id='line_1_12' title="bbox 441 796 1827 852; baseline 0.001 -17"><span class='ocrx_word' id='word_1_82' title='bbox 441 809 539 835; x_wconf 86' lang='lat' dir='ltr'>cum</span> <span class='ocrx_word' id='word_1_83' title='bbox 559 796 825 851; x_wconf 78' lang='lat' dir='ltr'>geminatum</span> <span class='ocrx_word' id='word_1_84' title='bbox 848 811 955 837; x_wconf 89' lang='lat' dir='ltr'>onus</span> <span class='ocrx_word' id='word_1_85' title='bbox 978 797 1257 838; x_wconf 77' lang='lat' dir='ltr'>succedentes</span> <span class='ocrx_word' id='word_1_86' title='bbox 1280 805 1462 852; x_wconf 77' lang='lat' dir='ltr'>premat,</span> <span class='ocrx_word' id='word_1_87' title='bbox 1494 804 1538 837; x_wconf 89' lang='lat' dir='ltr'>et</span> <span class='ocrx_word' id='word_1_88' title='bbox 1557 797 1733 852; x_wconf 86' lang='lat' dir='ltr'>quidem</span> <span class='ocrx_word' id='word_1_89' title='bbox 1753 796 1827 837; x_wconf 91' lang='lat' dir='ltr'>de-</span> 
     </span>
     <span class='ocr_line' id='line_1_13' title="bbox 443 851 1826 909; baseline 0.002 -17"><span class='ocrx_word' id='word_1_90' title='bbox 443 851 632 892; x_wconf 80' lang='lat' dir='ltr'>docendi</span> <span class='ocrx_word' id='word_1_91' title='bbox 662 853 834 909; x_wconf 79' lang='lat' dir='ltr'>gravius</span> <span class='ocrx_word' id='word_1_92' title='bbox 856 868 906 894; x_wconf 73' lang='lat' dir='ltr'>ae</span> <span class='ocrx_word' id='word_1_93' title='bbox 925 853 1058 909; x_wconf 86' lang='lat' dir='ltr'>prius,</span> <span class='ocrx_word' id='word_1_94' title='bbox 1089 868 1218 909; x_wconf 80' lang='lat' dir='ltr'>quam</span> <span class='ocrx_word' id='word_1_95' title='bbox 1239 853 1440 895; x_wconf 86' lang='lat' dir='ltr'>docendi.</span> <span class='ocrx_word' id='word_1_96' title='bbox 1502 853 1686 909; x_wconf 81' lang='lat' dir='ltr'>Propter</span> <span class='ocrx_word' id='word_1_97' title='bbox 1708 853 1826 908; x_wconf 87' lang='lat' dir='ltr'>quod</span> 
     </span>
     <span class='ocr_line' id='line_1_14' title="bbox 440 908 1826 966; baseline 0.001 -16"><span class='ocrx_word' id='word_1_98' title='bbox 440 908 738 959; x_wconf 81' lang='lat' dir='ltr'>Timotheum,</span> <span class='ocrx_word' id='word_1_99' title='bbox 768 910 930 951; x_wconf 81' lang='lat' dir='ltr'>clarum</span> <span class='ocrx_word' id='word_1_100' title='bbox 953 910 995 950; x_wconf 91' lang='lat' dir='ltr'>in</span> <span class='ocrx_word' id='word_1_101' title='bbox 1019 918 1108 951; x_wconf 79' lang='lat' dir='ltr'>arte</span> <span class='ocrx_word' id='word_1_102' title='bbox 1131 911 1351 960; x_wconf 78' lang='lat' dir='ltr'>tibiarum,</span> <span class='ocrx_word' id='word_1_103' title='bbox 1383 911 1527 951; x_wconf 83' lang='lat' dir='ltr'>ferunt</span> <span class='ocrx_word' id='word_1_104' title='bbox 1548 910 1743 966; x_wconf 85' lang='lat' dir='ltr'>duplices</span> <span class='ocrx_word' id='word_1_105' title='bbox 1772 912 1826 952; x_wconf 84' lang='lat' dir='ltr'>ab</span> 
     </span>
     <span class='ocr_line' id='line_1_15' title="bbox 441 964 1826 1024; baseline 0.001 -18"><span class='ocrx_word' id='word_1_106' title='bbox 441 964 512 1015; x_wconf 86' lang='lat' dir='ltr'>iis,</span> <span class='ocrx_word' id='word_1_107' title='bbox 543 981 649 1022; x_wconf 87' lang='lat' dir='ltr'>quos</span> <span class='ocrx_word' id='word_1_108' title='bbox 691 967 796 1007; x_wconf 79' lang='lat' dir='ltr'>alius</span> <span class='ocrx_word' id='word_1_109' title='bbox 838 967 1108 1018; x_wconf 76' lang='lat' dir='ltr'>instituisset,</span> <span class='ocrx_word' id='word_1_110' title='bbox 1156 967 1331 1009; x_wconf 84' lang='lat' dir='ltr'>solitum</span> <span class='ocrx_word' id='word_1_111' title='bbox 1374 968 1550 1024; x_wconf 78' lang='lat' dir='ltr'>exigere</span> <span class='ocrx_word' id='word_1_112' title='bbox 1592 967 1826 1019; x_wconf 79' lang='lat' dir='ltr'>mercedes,</span> 
     </span>
     <span class='ocr_line' id='line_1_16' title="bbox 442 1023 1555 1078; baseline 0.004 -16"><span class='ocrx_word' id='word_1_113' title='bbox 442 1037 573 1078; x_wconf 81' lang='lat' dir='ltr'>quam</span> <span class='ocrx_word' id='word_1_114' title='bbox 597 1023 630 1063; x_wconf 87' lang='lat' dir='ltr'>si</span> <span class='ocrx_word' id='word_1_115' title='bbox 654 1024 780 1064; x_wconf 82' lang='lat' dir='ltr'>rudes</span> <span class='ocrx_word' id='word_1_116' title='bbox 802 1025 1085 1065; x_wconf 81' lang='lat' dir='ltr'>traderentur.</span> <span class='ocrx_word' id='word_1_117' title='bbox 1552 1036 1555 1038; x_wconf 86' lang='grc'><strong>’</strong></span> 
     </span>
    </p>

    <p class='ocr_par' dir='ltr' id='par_1_4' title="bbox 387 1079 1836 2275">
     <span class='ocr_line' id='line_1_17' title="bbox 502 1079 1828 1136; baseline 0.001 -15"><span class='ocrx_word' id='word_1_118' title='bbox 502 1079 634 1121; x_wconf 85' lang='lat' dir='ltr'>Error</span> <span class='ocrx_word' id='word_1_119' title='bbox 656 1088 799 1121; x_wconf 80' lang='lat' dir='ltr'>tamen</span> <span class='ocrx_word' id='word_1_120' title='bbox 821 1089 885 1122; x_wconf 86' lang='lat' dir='ltr'>est</span> <span class='ocrx_word' id='word_1_121' title='bbox 905 1081 947 1121; x_wconf 88' lang='lat' dir='ltr'>in</span> <span class='ocrx_word' id='word_1_122' title='bbox 970 1096 1014 1122; x_wconf 88' lang='lat' dir='ltr'>re</span> <span class='ocrx_word' id='word_1_123' title='bbox 1037 1080 1195 1136; x_wconf 81' lang='lat' dir='ltr'>duplex</span> <span class='ocrx_word' id='word_1_124' title='bbox 1214 1098 1223 1123; x_wconf 70' lang='grc' dir='ltr'><strong><em>ε</em></strong></span> <span class='ocrx_word' id='word_1_125' title='bbox 1256 1097 1380 1131; x_wconf 89' lang='lat' dir='ltr'>unus,</span> <span class='ocrx_word' id='word_1_126' title='bbox 1413 1080 1527 1136; x_wconf 90' lang='lat' dir='ltr'>quod</span> <span class='ocrx_word' id='word_1_127' title='bbox 1551 1081 1722 1122; x_wconf 85' lang='lat' dir='ltr'>interim</span> <span class='ocrx_word' id='word_1_128' title='bbox 1741 1081 1828 1123; x_wconf 89' lang='lat' dir='ltr'>suf-</span> 
     </span>
     <span class='ocr_line' id='line_1_18' title="bbox 441 1134 1828 1189; baseline 0.004 -13"><span class='ocrx_word' id='word_1_129' title='bbox 441 1134 571 1176; x_wconf 85' lang='lat' dir='ltr'>ficere</span> <span class='ocrx_word' id='word_1_130' title='bbox 593 1136 689 1177; x_wconf 88' lang='lat' dir='ltr'>illos</span> <span class='ocrx_word' id='word_1_131' title='bbox 708 1137 894 1179; x_wconf 87' lang='lat' dir='ltr'>minores</span> <span class='ocrx_word' id='word_1_132' title='bbox 911 1138 1187 1178; x_wconf 77' lang='lat' dir='ltr'>existimant:</span> <span class='ocrx_word' id='word_1_133' title='bbox 1219 1146 1262 1178; x_wconf 88' lang='lat' dir='ltr'>et</span> <span class='ocrx_word' id='word_1_134' title='bbox 1278 1139 1394 1179; x_wconf 91' lang='lat' dir='ltr'>bono</span> <span class='ocrx_word' id='word_1_135' title='bbox 1411 1141 1590 1189; x_wconf 85' lang='lat' dir='ltr'>sane(l)</span> <span class='ocrx_word' id='word_1_136' title='bbox 1605 1138 1828 1181; x_wconf 74' lang='lat' dir='ltr'>stomacho</span> 
     </span>
     <span class='ocr_line' id='line_1_19' title="bbox 443 1194 1829 1250; baseline 0.002 -18"><span class='ocrx_word' id='word_1_137' title='bbox 443 1195 640 1233; x_wconf 83' lang='lat' dir='ltr'>contenti</span> <span class='ocrx_word' id='word_1_138' title='bbox 677 1205 789 1234; x_wconf 85' lang='lat' dir='ltr'>sunt.</span> <span class='ocrx_word' id='word_1_139' title='bbox 862 1195 972 1240; x_wconf 78' lang='lat' dir='ltr'>Quae</span> <span class='ocrx_word' id='word_1_140' title='bbox 1011 1209 1255 1250; x_wconf 69' lang='lat' dir='ltr'>quanquam</span> <span class='ocrx_word' id='word_1_141' title='bbox 1291 1204 1334 1235; x_wconf 86' lang='lat' dir='ltr'>et</span> <span class='ocrx_word' id='word_1_142' title='bbox 1370 1196 1462 1250; x_wconf 80' lang='lat' dir='ltr'>ipsa</span> <span class='ocrx_word' id='word_1_143' title='bbox 1496 1194 1829 1249; x_wconf 83' lang='lat' dir='ltr'>reprehensione</span> 
     </span>
     <span class='ocr_line' id='line_1_20' title="bbox 444 1249 1830 1308; baseline 0.002 -19"><span class='ocrx_word' id='word_1_144' title='bbox 444 1249 580 1305; x_wconf 76' lang='lat' dir='ltr'>digna</span> <span class='ocrx_word' id='word_1_145' title='bbox 601 1250 821 1301; x_wconf 78' lang='lat' dir='ltr'>securitas,</span> <span class='ocrx_word' id='word_1_146' title='bbox 845 1260 988 1293; x_wconf 83' lang='lat' dir='ltr'>tamen</span> <span class='ocrx_word' id='word_1_147' title='bbox 1008 1259 1120 1292; x_wconf 82' lang='lat' dir='ltr'>esset</span> <span class='ocrx_word' id='word_1_148' title='bbox 1139 1260 1358 1306; x_wconf 86' lang='lat' dir='ltr'>utcunque</span> <span class='ocrx_word' id='word_1_149' title='bbox 1379 1251 1633 1300; x_wconf 86' lang='lat' dir='ltr'>tolerabilis,</span> <span class='ocrx_word' id='word_1_150' title='bbox 1664 1252 1696 1292; x_wconf 90' lang='lat' dir='ltr'>si</span> <span class='ocrx_word' id='word_1_151' title='bbox 1719 1253 1830 1308; x_wconf 84' lang='lat' dir='ltr'>ejus-</span> 
     </span>
     <span class='ocr_line' id='line_1_21' title="bbox 441 1307 1831 1363; baseline 0.003 -17"><span class='ocrx_word' id='word_1_152' title='bbox 441 1307 564 1348; x_wconf 82' lang='lat' dir='ltr'>modi</span> <span class='ocrx_word' id='word_1_153' title='bbox 590 1316 875 1363; x_wconf 81' lang='lat' dir='ltr'>praeceptores</span> <span class='ocrx_word' id='word_1_154' title='bbox 898 1309 1037 1349; x_wconf 78' lang='lat' dir='ltr'>minus</span> <span class='ocrx_word' id='word_1_155' title='bbox 1057 1308 1280 1358; x_wconf 78' lang='lat' dir='ltr'>docerent,</span> <span class='ocrx_word' id='word_1_156' title='bbox 1302 1322 1390 1349; x_wconf 88' lang='lat' dir='ltr'>non</span> <span class='ocrx_word' id='word_1_157' title='bbox 1413 1308 1548 1363; x_wconf 84' lang='lat' dir='ltr'>pejus.</span> <span class='ocrx_word' id='word_1_158' title='bbox 1601 1307 1738 1359; x_wconf 83' lang='lat' dir='ltr'>Alter,</span> <span class='ocrx_word' id='word_1_159' title='bbox 1761 1308 1831 1350; x_wconf 88' lang='lat' dir='ltr'>ille</span> 
     </span>
     <span class='ocr_line' id='line_1_22' title="bbox 443 1364 1831 1420; baseline 0.001 -16"><span class='ocrx_word' id='word_1_160' title='bbox 443 1365 576 1405; x_wconf 66' lang='lat' dir='ltr'>eti-dni</span> <span class='ocrx_word' id='word_1_161' title='bbox 600 1364 880 1419; x_wconf 73' lang='lat' dir='ltr'>frequentior,</span> <span class='ocrx_word' id='word_1_162' title='bbox 902 1365 1022 1420; x_wconf 90' lang='lat' dir='ltr'>quod</span> <span class='ocrx_word' id='word_1_163' title='bbox 1040 1380 1113 1408; x_wconf 77' lang='lat' dir='ltr'>eos</span> <span class='ocrx_word' id='word_1_164' title='bbox 1128 1365 1199 1420; x_wconf 89' lang='lat' dir='ltr'>qui</span> <span class='ocrx_word' id='word_1_165' title='bbox 1221 1364 1473 1420; x_wconf 83' lang='lat' dir='ltr'>ampliorem</span> <span class='ocrx_word' id='word_1_166' title='bbox 1497 1365 1670 1406; x_wconf 82' lang='lat' dir='ltr'>dicendi</span> <span class='ocrx_word' id='word_1_167' title='bbox 1694 1364 1831 1406; x_wconf 80' lang='lat' dir='ltr'>facul-</span> 
     </span>
     <span class='ocr_line' id='line_1_23' title="bbox 444 1422 1829 1478; baseline 0.004 -18"><span class='ocrx_word' id='word_1_168' title='bbox 444 1427 578 1462; x_wconf 81' lang='lat' dir='ltr'>tatem</span> <span class='ocrx_word' id='word_1_169' title='bbox 605 1430 704 1461; x_wconf 83' lang='lat' dir='ltr'>sunt</span> <span class='ocrx_word' id='word_1_170' title='bbox 725 1424 963 1472; x_wconf 80' lang='lat' dir='ltr'>consecuti,</span> <span class='ocrx_word' id='word_1_171' title='bbox 995 1438 1081 1463; x_wconf 89' lang='lat' dir='ltr'>non</span> <span class='ocrx_word' id='word_1_172' title='bbox 1106 1430 1256 1478; x_wconf 85' lang='lat' dir='ltr'>putant</span> <span class='ocrx_word' id='word_1_173' title='bbox 1279 1422 1331 1463; x_wconf 69' lang='lat' dir='ltr'>ad</span> <span class='ocrx_word' id='word_1_174' title='bbox 1355 1422 1522 1462; x_wconf 81' lang='lat' dir='ltr'>minora</span> <span class='ocrx_word' id='word_1_175' title='bbox 1543 1422 1829 1465; x_wconf 84' lang='lat' dir='ltr'>descendere:</span> 
     </span>
     <span class='ocr_line' id='line_1_24' title="bbox 436 1477 1832 1535; baseline 0.002 -18"><span class='ocrx_word' id='word_1_176' title='bbox 436 1477 576 1532; x_wconf 83' lang='lat' dir='ltr'>&#39;idque</span> <span class='ocrx_word' id='word_1_177' title='bbox 602 1478 772 1519; x_wconf 77' lang='lat' dir='ltr'>interim</span> <span class='ocrx_word' id='word_1_178' title='bbox 790 1479 898 1529; x_wconf 79' lang='lat' dir='ltr'>fieri,</span> <span class='ocrx_word' id='word_1_179' title='bbox 920 1480 1017 1534; x_wconf 83' lang='lat' dir='ltr'>quia</span> <span class='ocrx_word' id='word_1_180' title='bbox 1037 1479 1260 1520; x_wconf 73' lang='lat' dir='ltr'>fastidiant</span> <span class='ocrx_word' id='word_1_181' title='bbox 1283 1488 1484 1535; x_wconf 78' lang='lat' dir='ltr'>praestare</span> <span class='ocrx_word' id='word_1_182' title='bbox 1504 1480 1612 1520; x_wconf 81' lang='lat' dir='ltr'>lianc</span> <span class='ocrx_word' id='word_1_183' title='bbox 1634 1479 1832 1520; x_wconf 82' lang='lat' dir='ltr'>inferior·-</span> 
     </span>
     <span class='ocr_line' id='line_1_25' title="bbox 445 1534 1832 1592; baseline 0.002 -17"><span class='ocrx_word' id='word_1_184' title='bbox 445 1534 544 1575; x_wconf 74' lang='lat' dir='ltr'>ibus</span> <span class='ocrx_word' id='word_1_185' title='bbox 581 1550 754 1586; x_wconf 80' lang='lat' dir='ltr'>curam3</span> <span class='ocrx_word' id='word_1_186' title='bbox 793 1537 983 1586; x_wconf 77' lang='lat' dir='ltr'>interim,</span> <span class='ocrx_word' id='word_1_187' title='bbox 1017 1537 1118 1592; x_wconf 83' lang='lat' dir='ltr'>quia</span> <span class='ocrx_word' id='word_1_188' title='bbox 1153 1537 1331 1577; x_wconf 87' lang='lat' dir='ltr'>omnino</span> <span class='ocrx_word' id='word_1_189' title='bbox 1369 1551 1454 1577; x_wconf 91' lang='lat' dir='ltr'>non</span> <span class='ocrx_word' id='word_1_190' title='bbox 1495 1537 1674 1592; x_wconf 86' lang='lat' dir='ltr'>possint.</span> <span class='ocrx_word' id='word_1_191' title='bbox 1735 1536 1832 1592; x_wconf 80' lang='lat' dir='ltr'>Ego</span> 
     </span>
     <span class='ocr_line' id='line_1_26' title="bbox 444 1593 1832 1649; baseline 0.002 -18"><span class='ocrx_word' id='word_1_192' title='bbox 444 1605 576 1646; x_wconf 78' lang='lat' dir='ltr'>porro</span> <span class='ocrx_word' id='word_1_193' title='bbox 600 1607 698 1632; x_wconf 86' lang='lat' dir='ltr'>eum</span> <span class='ocrx_word' id='word_1_194' title='bbox 722 1593 793 1648; x_wconf 89' lang='lat' dir='ltr'>qui</span> <span class='ocrx_word' id='word_1_195' title='bbox 818 1593 944 1643; x_wconf 86' lang='lat' dir='ltr'>nolit,</span> <span class='ocrx_word' id='word_1_196' title='bbox 977 1594 1019 1634; x_wconf 89' lang='lat' dir='ltr'>in</span> <span class='ocrx_word' id='word_1_197' title='bbox 1054 1608 1233 1634; x_wconf 82' lang='lat' dir='ltr'>numero</span> <span class='ocrx_word' id='word_1_198' title='bbox 1270 1593 1614 1649; x_wconf 70' lang='lat' dir='ltr'>preecipientiuni</span> <span class='ocrx_word' id='word_1_199' title='bbox 1637 1608 1721 1634; x_wconf 89' lang='lat' dir='ltr'>non</span> <span class='ocrx_word' id='word_1_200' title='bbox 1755 1593 1832 1634; x_wconf 84' lang='lat' dir='ltr'>ba·-</span> 
     </span>
     <span class='ocr_line' id='line_1_27' title="bbox 387 1648 1832 1705; baseline 0.003 -17"><span class='ocrx_word' id='word_1_201' title='bbox 387 1696 390 1697; x_wconf 19' lang='lat'><em>⁷</em></span> <span class='ocrx_word' id='word_1_202' title='bbox 443 1648 555 1689; x_wconf 80' lang='lat' dir='ltr'>beo:</span> <span class='ocrx_word' id='word_1_203' title='bbox 591 1663 713 1704; x_wconf 84' lang='lat' dir='ltr'>posse</span> <span class='ocrx_word' id='word_1_204' title='bbox 748 1659 893 1691; x_wconf 85' lang='lat' dir='ltr'>autem</span> <span class='ocrx_word' id='word_1_205' title='bbox 925 1648 1131 1700; x_wconf 78' lang='lat' dir='ltr'>maxime,</span> <span class='ocrx_word' id='word_1_206' title='bbox 1164 1651 1197 1690; x_wconf 85' lang='lat' dir='ltr'>si</span> <span class='ocrx_word' id='word_1_207' title='bbox 1224 1652 1341 1699; x_wconf 77' lang='lat' dir='ltr'>velit,</span> <span class='ocrx_word' id='word_1_208' title='bbox 1374 1651 1587 1705; x_wconf 84' lang='lat' dir='ltr'>optimum</span> <span class='ocrx_word' id='word_1_209' title='bbox 1618 1665 1832 1705; x_wconf 87' lang='lat' dir='ltr'>quemque</span> 
     </span>
     <span class='ocr_line' id='line_1_28' title="bbox 446 1705 1833 1762; baseline 0.002 -17"><span class='ocrx_word' id='word_1_210' title='bbox 446 1705 684 1746; x_wconf 76' lang='lat' dir='ltr'>contendo.</span> <span class='ocrx_word' id='word_1_211' title='bbox 746 1707 955 1759; x_wconf 83' lang='lat' dir='ltr'>Primum,</span> <span class='ocrx_word' id='word_1_212' title='bbox 989 1707 1105 1762; x_wconf 82' lang='lat' dir='ltr'>quod</span> <span class='ocrx_word' id='word_1_213' title='bbox 1141 1721 1240 1748; x_wconf 87' lang='lat' dir='ltr'>eum</span> <span class='ocrx_word' id='word_1_214' title='bbox 1275 1707 1348 1762; x_wconf 88' lang='lat' dir='ltr'>qni</span> <span class='ocrx_word' id='word_1_215' title='bbox 1384 1706 1635 1762; x_wconf 85' lang='lat' dir='ltr'>eloquentia</span> <span class='ocrx_word' id='word_1_216' title='bbox 1666 1708 1833 1748; x_wconf 81' lang='lat' dir='ltr'>cae-teris</span> 
     </span>
     <span class='ocr_line' id='line_1_29' title="bbox 443 1762 1833 1820; baseline 0.001 -18"><span class='ocrx_word' id='word_1_217' title='bbox 443 1771 640 1817; x_wconf 60' lang='lat' dir='ltr'>praestet,</span> <span class='ocrx_word' id='word_1_218' title='bbox 671 1762 745 1803; x_wconf 82' lang='lat' dir='ltr'>illa</span> <span class='ocrx_word' id='word_1_219' title='bbox 765 1779 937 1819; x_wconf 90' lang='lat' dir='ltr'>quoque</span> <span class='ocrx_word' id='word_1_220' title='bbox 960 1777 1035 1819; x_wconf 87' lang='lat' dir='ltr'>per</span> <span class='ocrx_word' id='word_1_221' title='bbox 1057 1780 1153 1819; x_wconf 62' lang='lat' dir='ltr'>quae</span> <span class='ocrx_word' id='word_1_222' title='bbox 1176 1764 1229 1804; x_wconf 83' lang='lat' dir='ltr'>ad</span> <span class='ocrx_word' id='word_1_223' title='bbox 1253 1764 1547 1820; x_wconf 81' lang='lat' dir='ltr'>eloquentiam</span> <span class='ocrx_word' id='word_1_224' title='bbox 1572 1765 1833 1820; x_wconf 85' lang='lat' dir='ltr'>pervenitur,</span> 
     </span>
     <span class='ocr_line' id='line_1_30' title="bbox 446 1819 1836 1876; baseline 0.002 -17"><span class='ocrx_word' id='word_1_225' title='bbox 446 1819 781 1874; x_wconf 79' lang='lat' dir='ltr'>diligentissime</span> <span class='ocrx_word' id='word_1_226' title='bbox 824 1821 1065 1876; x_wconf 78' lang='lat' dir='ltr'>percepisse</span> <span class='ocrx_word' id='word_1_227' title='bbox 1104 1820 1311 1862; x_wconf 81' lang='lat' dir='ltr'>credibile</span> <span class='ocrx_word' id='word_1_228' title='bbox 1347 1829 1427 1862; x_wconf 81' lang='lat' dir='ltr'>est.</span> <span class='ocrx_word' id='word_1_229' title='bbox 1502 1820 1691 1871; x_wconf 87' lang='lat' dir='ltr'>Deinde,</span> <span class='ocrx_word' id='word_1_230' title='bbox 1733 1822 1836 1876; x_wconf 78' lang='lat' dir='ltr'>quia</span> 
     </span>
     <span class='ocr_line' id='line_1_31' title="bbox 444 1875 1833 1933; baseline 0.002 -17"><span class='ocrx_word' id='word_1_231' title='bbox 444 1875 681 1932; x_wconf 84' lang='lat' dir='ltr'>plurimum</span> <span class='ocrx_word' id='word_1_232' title='bbox 705 1878 745 1917; x_wconf 91' lang='lat' dir='ltr'>in</span> <span class='ocrx_word' id='word_1_233' title='bbox 770 1878 1064 1933; x_wconf 62' lang='lat' dir='ltr'>praecipiendo</span> <span class='ocrx_word' id='word_1_234' title='bbox 1084 1877 1196 1918; x_wconf 77' lang='lat' dir='ltr'>valet</span> <span class='ocrx_word' id='word_1_235' title='bbox 1221 1880 1282 1931; x_wconf 75' lang='lat' dir='ltr'>(Q)</span> <span class='ocrx_word' id='word_1_236' title='bbox 1306 1879 1430 1928; x_wconf 83' lang='lat' dir='ltr'>ratio,</span> <span class='ocrx_word' id='word_1_237' title='bbox 1462 1893 1559 1933; x_wconf 83' lang='lat' dir='ltr'>quae</span> <span class='ocrx_word' id='word_1_238' title='bbox 1583 1879 1833 1919; x_wconf 89' lang='lat' dir='ltr'>doctissimo</span> 
     </span>
     <span class='ocr_line' id='line_1_32' title="bbox 445 1933 1834 1990; baseline 0.002 -17"><span class='ocrx_word' id='word_1_239' title='bbox 445 1933 605 1988; x_wconf 88' lang='lat' dir='ltr'>cuique</span> <span class='ocrx_word' id='word_1_240' title='bbox 639 1934 883 1990; x_wconf 64' lang='lat' dir='ltr'>planissima</span> <span class='ocrx_word' id='word_1_241' title='bbox 907 1943 987 1975; x_wconf 84' lang='lat' dir='ltr'>est.</span> <span class='ocrx_word' id='word_1_242' title='bbox 1048 1934 1290 1985; x_wconf 86' lang='lat' dir='ltr'>Postremo,</span> <span class='ocrx_word' id='word_1_243' title='bbox 1323 1935 1424 1990; x_wconf 82' lang='lat' dir='ltr'>quia</span> <span class='ocrx_word' id='word_1_244' title='bbox 1444 1950 1572 1977; x_wconf 88' lang='lat' dir='ltr'>nemo</span> <span class='ocrx_word' id='word_1_245' title='bbox 1594 1937 1654 1976; x_wconf 89' lang='lat' dir='ltr'>sic</span> <span class='ocrx_word' id='word_1_246' title='bbox 1677 1935 1720 1977; x_wconf 90' lang='lat' dir='ltr'>in</span> <span class='ocrx_word' id='word_1_247' title='bbox 1744 1950 1834 1976; x_wconf 84' lang='lat' dir='ltr'>ma-</span> 
     </span>
     <span class='ocr_line' id='line_1_33' title="bbox 439 1989 1834 2045; baseline 0.002 -15"><span class='ocrx_word' id='word_1_248' title='bbox 439 1989 614 2045; x_wconf 85' lang='lat' dir='ltr'>joribus</span> <span class='ocrx_word' id='word_1_249' title='bbox 656 1991 834 2042; x_wconf 83' lang='lat' dir='ltr'>eminet,</span> <span class='ocrx_word' id='word_1_250' title='bbox 877 1999 924 2032; x_wconf 90' lang='lat' dir='ltr'>ut</span> <span class='ocrx_word' id='word_1_251' title='bbox 963 2006 1062 2032; x_wconf 86' lang='lat' dir='ltr'>eum</span> <span class='ocrx_word' id='word_1_252' title='bbox 1103 1992 1272 2033; x_wconf 85' lang='lat' dir='ltr'>minora</span> <span class='ocrx_word' id='word_1_253' title='bbox 1306 1992 1526 2032; x_wconf 81' lang='lat' dir='ltr'>deficiant.</span> <span class='ocrx_word' id='word_1_254' title='bbox 1588 1992 1683 2034; x_wconf 71' lang='lat' dir='ltr'>Nisi</span> <span class='ocrx_word' id='word_1_255' title='bbox 1723 1993 1834 2034; x_wconf 77' lang='lat' dir='ltr'>forte</span> 
     </span>
     <span class='ocr_line' id='line_1_34' title="bbox 447 2046 1836 2104; baseline 0.001 -15"><span class='ocrx_word' id='word_1_256' title='bbox 447 2046 605 2090; x_wconf 78' lang='lat' dir='ltr'>Jovem</span> <span class='ocrx_word' id='word_1_257' title='bbox 629 2048 805 2102; x_wconf 80' lang='lat' dir='ltr'>quidem</span> <span class='ocrx_word' id='word_1_258' title='bbox 841 2048 1019 2090; x_wconf 82' lang='lat' dir='ltr'>Phidias</span> <span class='ocrx_word' id='word_1_259' title='bbox 1053 2049 1216 2104; x_wconf 85' lang='lat' dir='ltr'>optime</span> <span class='ocrx_word' id='word_1_260' title='bbox 1251 2049 1369 2098; x_wconf 86' lang='lat' dir='ltr'>fecit,</span> <span class='ocrx_word' id='word_1_261' title='bbox 1402 2049 1478 2090; x_wconf 82' lang='lat' dir='ltr'>illa</span> <span class='ocrx_word' id='word_1_262' title='bbox 1505 2058 1647 2089; x_wconf 83' lang='lat' dir='ltr'>autem</span> <span class='ocrx_word' id='word_1_263' title='bbox 1672 2065 1768 2104; x_wconf 81' lang='lat' dir='ltr'>quae</span> <span class='ocrx_word' id='word_1_264' title='bbox 1790 2050 1836 2091; x_wconf 90' lang='lat' dir='ltr'>in</span> 
     </span>
     <span class='ocr_line' id='line_1_35' title="bbox 449 2105 1836 2162; baseline 0.002 -18"><span class='ocrx_word' id='word_1_265' title='bbox 449 2113 752 2145; x_wconf 84' lang='lat' dir='ltr'>ornamentum</span> <span class='ocrx_word' id='word_1_266' title='bbox 777 2107 916 2162; x_wconf 87' lang='lat' dir='ltr'>operis</span> <span class='ocrx_word' id='word_1_267' title='bbox 940 2106 1031 2161; x_wconf 83' lang='lat' dir='ltr'>ejus</span> <span class='ocrx_word' id='word_1_268' title='bbox 1054 2106 1282 2156; x_wconf 86' lang='lat' dir='ltr'>accedunt,</span> <span class='ocrx_word' id='word_1_269' title='bbox 1315 2106 1420 2146; x_wconf 84' lang='lat' dir='ltr'>alius</span> <span class='ocrx_word' id='word_1_270' title='bbox 1450 2105 1601 2146; x_wconf 86' lang='lat' dir='ltr'>melius</span> <span class='ocrx_word' id='word_1_271' title='bbox 1623 2107 1836 2147; x_wconf 70' lang='lat' dir='ltr'>elaboras-</span> 
     </span>
     <span class='ocr_line' id='line_1_36' title="bbox 451 2162 1835 2218; baseline 0.002 -16"><span class='ocrx_word' id='word_1_272' title='bbox 451 2169 542 2212; x_wconf 66' lang='grc' dir='ltr'>δεῖς</span> <span class='ocrx_word' id='word_1_273' title='bbox 576 2169 651 2201; x_wconf 81' lang='lat' dir='ltr'>aut</span> <span class='ocrx_word' id='word_1_274' title='bbox 671 2171 814 2202; x_wconf 84' lang='lat' dir='ltr'>orator</span> <span class='ocrx_word' id='word_1_275' title='bbox 836 2162 952 2218; x_wconf 89' lang='lat' dir='ltr'>loqui</span> <span class='ocrx_word' id='word_1_276' title='bbox 975 2164 1163 2214; x_wconf 78' lang='lat' dir='ltr'>nesciet3</span> <span class='ocrx_word' id='word_1_277' title='bbox 1196 2171 1270 2203; x_wconf 81' lang='lat' dir='ltr'>aut</span> <span class='ocrx_word' id='word_1_278' title='bbox 1288 2163 1470 2204; x_wconf 85' lang='lat' dir='ltr'>leviores</span> <span class='ocrx_word' id='word_1_279' title='bbox 1490 2164 1664 2204; x_wconf 85' lang='lat' dir='ltr'>morbos</span> <span class='ocrx_word' id='word_1_280' title='bbox 1687 2177 1835 2210; x_wconf 80' lang='lat' dir='ltr'>curare</span> 
     </span>
     <span class='ocr_line' id='line_1_37' title="bbox 449 2219 1352 2275; baseline 0.001 -15"><span class='ocrx_word' id='word_1_281' title='bbox 449 2231 539 2260; x_wconf 80' lang='lat' dir='ltr'>non</span> <span class='ocrx_word' id='word_1_282' title='bbox 564 2219 724 2273; x_wconf 80' lang='lat' dir='ltr'>poterit</span> <span class='ocrx_word' id='word_1_283' title='bbox 746 2219 936 2260; x_wconf 86' lang='lat' dir='ltr'>medicus</span> <span class='ocrx_word' id='word_1_284' title='bbox 960 2220 1352 2275; x_wconf 72' lang='lat' dir='ltr'>praestantissimus.</span> 
     </span>
    </p>

    <p class='ocr_par' dir='ltr' id='par_1_5' title="bbox 451 2275 1839 2548">
     <span class='ocr_line' id='line_1_38' title="bbox 511 2275 1837 2333; baseline 0.004 -19"><span class='ocrx_word' id='word_1_285' title='bbox 511 2275 628 2321; x_wconf 78' lang='lat' dir='ltr'>Quid</span> <span class='ocrx_word' id='word_1_286' title='bbox 653 2279 785 2330; x_wconf 72' lang='lat' dir='ltr'>ergo?</span> <span class='ocrx_word' id='word_1_287' title='bbox 817 2290 905 2316; x_wconf 91' lang='lat' dir='ltr'>non</span> <span class='ocrx_word' id='word_1_288' title='bbox 935 2284 1000 2316; x_wconf 88' lang='lat' dir='ltr'>est</span> <span class='ocrx_word' id='word_1_289' title='bbox 1021 2276 1220 2331; x_wconf 80' lang='lat' dir='ltr'>quaedam</span> <span class='ocrx_word' id='word_1_290' title='bbox 1255 2277 1504 2332; x_wconf 86' lang='lat' dir='ltr'>eloquentia</span> <span class='ocrx_word' id='word_1_291' title='bbox 1525 2277 1677 2333; x_wconf 84' lang='lat' dir='ltr'>major,</span> <span class='ocrx_word' id='word_1_292' title='bbox 1706 2292 1837 2332; x_wconf 79' lang='lat' dir='ltr'>qnam</span> 
     </span>
     <span class='ocr_line' id='line_1_39' title="bbox 451 2332 1836 2390; baseline 0.003 -18"><span class='ocrx_word' id='word_1_293' title='bbox 451 2339 499 2372; x_wconf 86' lang='lat' dir='ltr'>ut</span> <span class='ocrx_word' id='word_1_294' title='bbox 521 2346 615 2373; x_wconf 84' lang='lat' dir='ltr'>eam</span> <span class='ocrx_word' id='word_1_295' title='bbox 640 2332 861 2374; x_wconf 84' lang='lat' dir='ltr'>intellectu</span> <span class='ocrx_word' id='word_1_296' title='bbox 883 2333 1086 2388; x_wconf 87' lang='lat' dir='ltr'>consequi</span> <span class='ocrx_word' id='word_1_297' title='bbox 1110 2333 1286 2390; x_wconf 88' lang='lat' dir='ltr'>puerilis</span> <span class='ocrx_word' id='word_1_298' title='bbox 1306 2334 1529 2375; x_wconf 79' lang='lat' dir='ltr'>infirmitas</span> <span class='ocrx_word' id='word_1_299' title='bbox 1545 2335 1706 2389; x_wconf 83' lang='lat' dir='ltr'>possit?</span> <span class='ocrx_word' id='word_1_300' title='bbox 1739 2334 1836 2390; x_wconf 81' lang='lat' dir='ltr'>Ego</span> 
     </span>
     <span class='ocr_line' id='line_1_40' title="bbox 451 2389 1839 2446; baseline 0.001 -18"><span class='ocrx_word' id='word_1_301' title='bbox 451 2402 555 2429; x_wconf 81' lang='lat' dir='ltr'>vero</span> <span class='ocrx_word' id='word_1_302' title='bbox 592 2389 826 2430; x_wconf 84' lang='lat' dir='ltr'>confiteor:</span> <span class='ocrx_word' id='word_1_303' title='bbox 867 2390 939 2430; x_wconf 89' lang='lat' dir='ltr'>sed</span> <span class='ocrx_word' id='word_1_304' title='bbox 979 2391 1094 2431; x_wconf 87' lang='lat' dir='ltr'>hunc</span> <span class='ocrx_word' id='word_1_305' title='bbox 1130 2391 1338 2432; x_wconf 80' lang='lat' dir='ltr'>disertum</span> <span class='ocrx_word' id='word_1_306' title='bbox 1376 2399 1705 2446; x_wconf 74' lang='lat' dir='ltr'>praeceptorem,</span> <span class='ocrx_word' id='word_1_307' title='bbox 1736 2406 1839 2446; x_wconf 82' lang='lat' dir='ltr'>pru-</span> 
     </span>
     <span class='ocr_line' id='line_1_41' title="bbox 453 2444 1836 2506; baseline 0.002 -21"><span class='ocrx_word' id='word_1_308' title='bbox 453 2444 627 2485; x_wconf 87' lang='lat' dir='ltr'>dentem</span> <span class='ocrx_word' id='word_1_309' title='bbox 653 2461 840 2504; x_wconf 87' lang='lat' dir='ltr'>quoque,</span> <span class='ocrx_word' id='word_1_310' title='bbox 873 2455 917 2487; x_wconf 92' lang='lat' dir='ltr'>et</span> <span class='ocrx_word' id='word_1_311' title='bbox 939 2462 1025 2488; x_wconf 87' lang='lat' dir='ltr'>non</span> <span class='ocrx_word' id='word_1_312' title='bbox 1060 2448 1258 2503; x_wconf 82' lang='lat' dir='ltr'>ignarum</span> <span class='ocrx_word' id='word_1_313' title='bbox 1282 2448 1467 2488; x_wconf 86' lang='lat' dir='ltr'>docendi</span> <span class='ocrx_word' id='word_1_314' title='bbox 1489 2463 1580 2489; x_wconf 83' lang='lat' dir='ltr'>csse</span> <span class='ocrx_word' id='word_1_315' title='bbox 1602 2449 1836 2506; x_wconf 80' lang='lat' dir='ltr'>oportebit,</span> 
     </span>
     <span class='ocr_line' id='line_1_42' title="bbox 453 2503 1837 2548; baseline 0.002 -4"><span class='ocrx_word' id='word_1_316' title='bbox 453 2503 781 2545; x_wconf 72' lang='lat' dir='ltr'>submittentem</span> <span class='ocrx_word' id='word_1_317' title='bbox 805 2519 847 2544; x_wconf 89' lang='lat' dir='ltr'>se</span> <span class='ocrx_word' id='word_1_318' title='bbox 869 2504 924 2546; x_wconf 81' lang='lat' dir='ltr'>ad</span> <span class='ocrx_word' id='word_1_319' title='bbox 947 2519 1189 2547; x_wconf 73' lang='lat' dir='ltr'>mensuram</span> <span class='ocrx_word' id='word_1_320' title='bbox 1212 2505 1441 2546; x_wconf 86' lang='lat' dir='ltr'>discentis:</span> <span class='ocrx_word' id='word_1_321' title='bbox 1474 2516 1522 2546; x_wconf 87' lang='lat' dir='ltr'>ut</span> <span class='ocrx_word' id='word_1_322' title='bbox 1544 2505 1837 2548; x_wconf 76' lang='lat' dir='ltr'>velocissimus</span> 
     </span>
    </p>
   </div>
   <div class='ocr_carea' id='block_1_3' title="bbox 450 2613 1838 2827">
    <p class='ocr_par' dir='ltr' id='par_1_6' title="bbox 450 2613 1838 2789">
     <span class='ocr_line' id='line_1_43' title="bbox 498 2613 1838 2656; baseline 0.003 -13"><span class='ocrx_word' id='word_1_323' title='bbox 498 2613 548 2651; x_wconf 84' lang='lat'>(1)</span> <span class='ocrx_word' id='word_1_324' title='bbox 573 2614 772 2652; x_wconf 75' lang='lat' dir='ltr'>Metaphora</span> <span class='ocrx_word' id='word_1_325' title='bbox 787 2618 836 2644; x_wconf 81' lang='lat' dir='ltr'>est</span> <span class='ocrx_word' id='word_1_326' title='bbox 853 2625 873 2644; x_wconf 79' lang='lat' dir='ltr'>a</span> <span class='ocrx_word' id='word_1_327' title='bbox 890 2614 970 2644; x_wconf 83' lang='lat' dir='ltr'>cibis</span> <span class='ocrx_word' id='word_1_328' title='bbox 987 2615 1100 2645; x_wconf 72' lang='lat' dir='ltr'>ducta.</span> <span class='ocrx_word' id='word_1_329' title='bbox 1146 2615 1231 2645; x_wconf 74' lang='lat' dir='ltr'>Nam</span> <span class='ocrx_word' id='word_1_330' title='bbox 1251 2615 1532 2654; x_wconf 76' lang='lat' dir='ltr'>quemadmodum</span> <span class='ocrx_word' id='word_1_331' title='bbox 1548 2616 1605 2656; x_wconf 79' lang='lat' dir='ltr'>qui</span> <span class='ocrx_word' id='word_1_332' title='bbox 1620 2617 1745 2656; x_wconf 83' lang='lat' dir='ltr'>optimo</span> <span class='ocrx_word' id='word_1_333' title='bbox 1761 2620 1838 2649; x_wconf 72' lang='lat' dir='ltr'>sunt</span> 
     </span>
     <span class='ocr_line' id='line_1_44' title="bbox 452 2658 1838 2699; baseline 0.004 -14"><span class='ocrx_word' id='word_1_334' title='bbox 452 2658 632 2693; x_wconf 70' lang='lat' dir='ltr'>stomaclm,</span> <span class='ocrx_word' id='word_1_335' title='bbox 658 2658 825 2687; x_wconf 79' lang='lat' dir='ltr'>delectum</span> <span class='ocrx_word' id='word_1_336' title='bbox 845 2659 994 2688; x_wconf 84' lang='lat' dir='ltr'>ciborum</span> <span class='ocrx_word' id='word_1_337' title='bbox 1011 2670 1071 2688; x_wconf 82' lang='lat' dir='ltr'>non</span> <span class='ocrx_word' id='word_1_338' title='bbox 1091 2659 1232 2694; x_wconf 73' lang='lat' dir='ltr'>habent,</span> <span class='ocrx_word' id='word_1_339' title='bbox 1259 2663 1381 2695; x_wconf 78' lang='lat' dir='ltr'>contra,</span> <span class='ocrx_word' id='word_1_340' title='bbox 1406 2660 1463 2699; x_wconf 88' lang='lat' dir='ltr'>qni</span> <span class='ocrx_word' id='word_1_341' title='bbox 1491 2661 1630 2698; x_wconf 86' lang='lat' dir='ltr'>malum,</span> <span class='ocrx_word' id='word_1_342' title='bbox 1654 2661 1838 2692; x_wconf 74' lang='lat' dir='ltr'>eustomaclza</span> 
     </span>
     <span class='ocr_line' id='line_1_45' title="bbox 452 2701 1836 2743; baseline 0.005 -14"><span class='ocrx_word' id='word_1_343' title='bbox 452 2704 605 2739; x_wconf 56' lang='lat' dir='ltr'>(prterunt</span> <span class='ocrx_word' id='word_1_344' title='bbox 623 2706 657 2731; x_wconf 82' lang='lat' dir='ltr'>et</span> <span class='ocrx_word' id='word_1_345' title='bbox 672 2706 830 2732; x_wconf 83' lang='lat' dir='ltr'>concoctu</span> <span class='ocrx_word' id='word_1_346' title='bbox 856 2701 986 2732; x_wconf 76' lang='lat' dir='ltr'>facilia:</span> <span class='ocrx_word' id='word_1_347' title='bbox 1018 2703 1063 2732; x_wconf 80' lang='lat' dir='ltr'>ita</span> <span class='ocrx_word' id='word_1_348' title='bbox 1090 2711 1223 2741; x_wconf 84' lang='lat' dir='ltr'>quoque</span> <span class='ocrx_word' id='word_1_349' title='bbox 1250 2708 1402 2740; x_wconf 73' lang='lat' dir='ltr'>parentes</span> <span class='ocrx_word' id='word_1_350' title='bbox 1428 2704 1571 2735; x_wconf 78' lang='lat' dir='ltr'>filiorum</span> <span class='ocrx_word' id='word_1_351' title='bbox 1597 2704 1724 2743; x_wconf 67' lang='lat' dir='ltr'>ingenio</span> <span class='ocrx_word' id='word_1_352' title='bbox 1749 2703 1836 2741; x_wconf 85' lang='lat' dir='ltr'>freti,</span> 
     </span>
     <span class='ocr_line' id='line_1_46' title="bbox 450 2744 1837 2789; baseline 0.004 -14"><span class='ocrx_word' id='word_1_353' title='bbox 450 2744 619 2775; x_wconf 50' lang='lat' dir='ltr'>deiectum</span> <span class='ocrx_word' id='word_1_354' title='bbox 637 2750 880 2784; x_wconf 70' lang='lat' dir='ltr'>praeceptomm</span> <span class='ocrx_word' id='word_1_355' title='bbox 896 2755 956 2775; x_wconf 88' lang='lat' dir='ltr'>non</span> <span class='ocrx_word' id='word_1_356' title='bbox 974 2747 1103 2776; x_wconf 73' lang='lat' dir='ltr'>habent.</span> <span class='ocrx_word' id='word_1_357' title='bbox 1151 2745 1240 2774; x_wconf 69' lang='grc' dir='ltr'><em>Ίὶπη.</em></span> <span class='ocrx_word' id='word_1_358' title='bbox 1282 2746 1376 2776; x_wconf 71' lang='lat' dir='ltr'>forte</span> <span class='ocrx_word' id='word_1_359' title='bbox 1390 2747 1440 2777; x_wconf 88' lang='lat' dir='ltr'>hic</span> <span class='ocrx_word' id='word_1_360' title='bbox 1452 2748 1574 2789; x_wconf 85' lang='lat' dir='ltr'>aliquid</span> <span class='ocrx_word' id='word_1_361' title='bbox 1593 2748 1700 2780; x_wconf 77' lang='lat' dir='ltr'>mendi</span> <span class='ocrx_word' id='word_1_362' title='bbox 1714 2748 1837 2781; x_wconf 74' lang='lat' dir='ltr'>subest.</span> 
     </span>
    </p>

    <p class='ocr_par' dir='ltr' id='par_1_7' title="bbox 497 2787 1345 2827">
     <span class='ocr_line' id='line_1_47' title="bbox 497 2787 1345 2827; baseline 0.005 -10"><span class='ocrx_word' id='word_1_363' title='bbox 497 2787 548 2827; x_wconf 71' lang='lat'>(2)</span> <span class='ocrx_word' id='word_1_364' title='bbox 573 2788 761 2827; x_wconf 75' lang='lat' dir='ltr'>Methodus,</span> <span class='ocrx_word' id='word_1_365' title='bbox 786 2793 896 2821; x_wconf 86' lang='lat' dir='ltr'>certus</span> <span class='ocrx_word' id='word_1_366' title='bbox 913 2790 991 2821; x_wconf 88' lang='lat' dir='ltr'>ordo</span> <span class='ocrx_word' id='word_1_367' title='bbox 1008 2799 1047 2821; x_wconf 85' lang='lat' dir='ltr'>ac</span> <span class='ocrx_word' id='word_1_368' title='bbox 1062 2790 1181 2822; x_wconf 75' lang='lat' dir='ltr'>modus</span> <span class='ocrx_word' id='word_1_369' title='bbox 1197 2789 1345 2821; x_wconf 77' lang='lat' dir='ltr'>docendi.</span> 
     </span>
    </p>
   </div>
  </div>
 </body>
</html>
